2320 3684
757 159 1096 201 APOLLODORI
1124 162 1457 202 FRAGMENTA.

350 306 411 345 01.
435 305 500 352 35,
528 320 560 343 1.
584 305 662 354 639
685 317 718 341 a.
741 306 783 343 C.

105 367 264 418 Diogen.
296 368 423 404 Laert.
454 368 486 412 I,
507 377 544 415 p.
564 366 627 411 37,
649 363 696 401 de
729 363 907 402 Thalete:
927 363 1028 410 Φησὶ
1048 363 1084 402 δὲ

53 427 309 480 Ἀπολλόδωρος
324 427 362 464 ἐν
375 431 447 469 τοῖς
462 426 644 479 Χρονικοῖς
651 426 860 475 γεγενῆσθαι
874 424 977 463 αὐτὸν
994 423 1086 463 κατὰ

50 487 91 526 τὸ
106 489 244 540 πρῶτον
264 485 338 529 ἔτος
352 487 415 532 τῆς
430 486 638 538 τριακοστῆς
651 481 818 534 πέμπτης
832 483 1085 535 Ὀλυμπιάδος.

52 544 283 592 Ἐτελεύτησε
303 544 334 582 δ’
353 544 438 582 ἐτῶν
456 541 698 594 ἑὸδομήκοντα
718 541 822 590 ὀκτὼ,
843 541 878 589 ἢ,
903 544 949 586 ὡς
966 544 1088 582 Σωσι-

51 604 183 658 κράτης
201 603 320 658 φησὶν,
341 601 548 649 ἐνενήκοντα
562 603 637 652 (Ol.
653 601 715 640 58.
734 602 847 653 Diog.
865 606 991 640 Laert.
1005 605 1036 650 I,
1050 615 1087 652 p.

55 663 131 715 38).
148 662 431 715 Apollodorum
447 662 487 698 in
498 660 776 699 constituendis
791 661 960 698 Thaletis
976 668 1088 697 nata—

53 722 152 761 libus
186 729 399 774 sequuntur
434 721 564 770 Cyrill.
595 720 694 759 Adv.
714 719 852 757 Julian.
880 723 921 768 Ι,
950 733 986 770 p.
1029 733 1089 768 12,

54 782 190 820 Suidas
206 794 241 819 v.
258 780 383 827 Θαλῆς
393 777 580 826 Μιλήσιος,
598 787 636 817 et
658 778 795 817 Euseb.
810 782 976 816 AEtatem
995 792 1090 817 vero

54 854 131 878 non
159 853 290 878 omnes
314 838 475 877 eandem
501 838 670 876 tradunt.
690 838 849 876 Lucian.
869 837 1039 875 Macrob.
1057 851 1089 877 c,

59 899 128 936 18:
151 896 274 937 Σόλων
293 896 354 936 καὶ
368 897 491 943 Θαλῆς
517 895 577 934 καὶ
601 894 779 939 Πιττακὸς
802 894 924 934 ἑκατὸν
945 893 1091 938 ἕκαστος

54 955 176 1004 ἔζησεν
195 954 270 1003 ἔτη.
303 954 445 994 Euseb.
477 954 615 1005 Scalig.
651 954 699 992 ad
718 955 782 993 01.
809 969 822 991 1
842 970 850 992 :
870 953 1010 1006 λέγεται
1027 955 1092 1000 ζῆ-

55 1032 115 1054 σαι
137 1014 226 1068 ὖπὲρ
242 1013 287 1053 τὰ
304 1012 345 1068 ρ’.
360 1014 466 1052 Idem
493 1013 541 1051 ad
562 1014 622 1053 Ol.
657 1014 721 1063 57,
749 1015 792 1052 3:
815 1013 966 1052 ἀπέθανε
986 1012 1094 1060 ζήσας

56 1074 118 1121 ἔτη
147 1075 214 1124 4α’.
230 1072 437 1112 Probabile
456 1080 514 1110 est
529 1073 757 1123 Apollodori
772 1086 973 1111 numerum
989 1072 1093 1123 apud

56 1134 269 1184 Diogenem
301 1133 554 1183 depravatum
590 1145 683 1171 esse.
726 1136 825 1171 Nam
851 1132 1094 1183 septuaginta

57 1201 147 1230 octo
172 1191 284 1239 anni,
309 1191 513 1229 Clintonus
545 1191 620 1239 ait,
649 1199 780 1229 natum
819 1191 987 1228 facerent
1016 1191 1092 1235 624

57 1260 124 1289 aut
140 1258 336 1288 mortuum
348 1250 612 1300 559,quorum
632 1251 738 1301 prius
751 1249 930 1288 omnibus
948 1250 996 1287 de
1013 1247 1094 1299 ejus

58 1309 175 1347 natali
190 1317 364 1359 tempore
382 1308 624 1356 testimoniis,
640 1310 832 1360 posterius
845 1308 1044 1347 Herodoto
1063 1311 1094 1352 1,

61 1369 110 1415 75
135 1375 335 1418 repugnat.
355 1370 482 1416 Quare
501 1367 707 1418 legendum
732 1376 867 1419 putat:
887 1365 1095 1413 ἐνενήκοντα

59 1424 173 1474 ὀκτὼ,
192 1424 235 1473 ἢ,
251 1426 350 1469 ὡςΣ.
372 1440 426 1479 φ.,
441 1425 663 1477 ἐνενήκοντα,
679 1427 786 1465 itaut
802 1426 883 1477 ejus
902 1435 992 1463 aetas
1011 1438 1095 1473 100,

59 1487 125 1536 98,
149 1499 213 1536 91,
233 1498 284 1535 90
315 1498 507 1522 annorum
529 1485 656 1536 posita
678 1485 822 1524 fuisset.
848 1488 1028 1524 Ceterum
1047 1484 1094 1522 cf.

60 1547 110 1583 H.
127 1543 267 1582 Ritteri
284 1543 427 1582 Histor.
446 1543 667 1596 philosoph.
689 1545 809 1582 Ionic.
829 1558 866 1596 p.
886 1545 908 1581 6
930 1557 1013 1595 sqq.

551 1602 613 1641 77.

407 1663 466 1701 ol.
484 1668 544 1708 4ο.
561 1663 638 1700 620
661 1676 694 1700 a.
706 1665 748 1701 C.

114 1721 290 1760 Clemens
307 1721 415 1760 Alex.
431 1725 570 1760 Strom.
591 1725 627 1771 I,
645 1723 782 1773 p.301‚
794 1721 841 1759 de
850 1721 1096 1772 Xenophane

0 1819 2 1824 ,
62 1781 307 1831 Colophonio
322 1794 332 1817 :
350 1778 418 1820 ‘'Ov
448 1795 534 1834 φησι
553 1779 705 1832 Τίμαιος
723 1780 816 1818 κατὰ
851 1779 994 1834 Ἱέρωνα
1009 1810 1019 1828 ,
1036 1779 1096 1818 τὸν

62 1838 226 1883 Σικελίας
243 1838 431 1889 δυνάστην,
453 1838 514 1877 καὶ
536 1838 760 1893 Ἐπίχαρμον
786 1839 844 1878 τὸν
863 1837 1013 1886 ποιητὴν
1035 1854 1098 1891 γε-

62 1897 219 1950 γονέναι·
249 1897 509 1953 Ἀπολλόδωρος
542 1897 579 1936 δὲ
606 1898 699 1937 κατὰ
724 1897 788 1946 τὴν
810 1897 1097 1952 τεσσαρακοστὴν

63 1956 294 2008 Ὀλυμπιάδα
313 1955 496 2008 γενόμενον
521 1955 803 2010 παρατετακέναι
822 1954 906 2010 ἄχρι
930 1958 1000 1994 τῶν
1021 1959 1098 1995 Δα-

65 2013 156 2068 ρείου
175 2030 214 2053 τε
235 2015 295 2054 καὶ
316 2014 434 2069 Κύρου
454 2014 601 2070 χρόνων.

118 2076 216 2113 Cum
232 2075 469 2126 Apollodoro
489 2075 578 2113 facit
604 2078 741 2113 Sextus
761 2075 980 2126 Empiricus
1001 2074 1099 2112 Adv.

65 2138 235 2174 Gramm.
263 2139 301 2184 Ι,
320 2149 383 2184 21,
410 2149 468 2185 12,
488 2144 578 2174 sect.
600 2136 688 2183 257,
713 2150 751 2187 p.
781 2149 879 2183 270:
898 2134 1102 2189 Ξενοφάνης

66 2192 290 2245 Κολοφώνιος
309 2192 445 2245 ἐγένετο
463 2193 543 2245 περὶ
559 2193 623 2240 τὴν
642 2194 676 2245 μ’
691 2194 931 2245 Ὀλυμπιάδα·
959 2203 997 2232 et
1025 2197 1100 2232 So—

67 2253 148 2291 tion
167 2253 271 2305 apud
299 2254 463 2305 Diogen.
485 2257 609 2292 Laert.
627 2257 705 2302 IX,
748 2255 806 2291 18.
827 2254 1014 2292 Eusebius
1027 2257 1103 2291 Xe·

66 2311 285 2362 nophanem
300 2312 474 2351 floruisse
491 2313 585 2351 dicit
599 2314 659 2351 Ol.
669 2313 916 2363 sexagesima.
928 2315 1103 2362 Quapro-

65 2379 152 2422 pter
179 2371 315 2408 Ritter.
335 2371 376 2408 in
406 2372 502 2409 Hist.
526 2372 619 2422 phil.
641 2380 773 2409 nostro
788 2371 874 2408 loco
889 2370 1098 2422 legendum

67 2437 198 2467 censet
221 2427 285 2476 τὴν
303 2429 331 2467 ν’
346 2429 588 2481 Ὀλυμπιάδα.
609 2430 685 2469 Sed
700 2430 938 2481 praeferenda
952 2430 1104 2467 videtur

69 2487 258 2526 Clintonis
276 2489 477 2537 sententia,
491 2490 571 2540 qui,
583 2503 703 2540 quum
717 2489 978 2540 Xenophanes
989 2489 1104 2527 etiam

68 2545 140 2583 sub
156 2546 335 2584 Hieronis
355 2560 474 2598 regno
495 2561 543 2585 ex
560 2548 694 2585 Timaei
727 2548 945 2586 testimonio
963 2548 1104 2585 vixisse

69 2604 230 2653 dicatur,
250 2605 429 2657 idemque
447 2607 638 2644 efficiatur
655 2620 704 2644 ex
725 2607 865 2645 Athen.
892 2610 950 2654 II,
968 2620 1006 2657 p.
1031 2606 1079 2650 54
1095 2636 1104 2653 ,

70 2665 101 2700 Ε
137 2662 357 2717 (Ξενοφάνης
394 2667 413 2703 ὁ
442 2664 664 2719 Κολοφώνιος
687 2666 722 2703 ἐν
751 2665 1003 2719 Παρῳδαῖς-
1021 2666 1103 2711 Πη-

2101 171 2178 204 445

1146 249 1212 287 ral.
1233 263 1270 301 p.
1297 250 1382 299 175,
1410 254 1453 289 B.
1482 254 1511 290 C
1545 248 1681 303 (Ἱέρων
1715 249 1806 302 μετὰ
1842 249 1987 290 Γέλωνα
2015 249 2182 305 τύραννος

1145 306 1243 359 ἔλεγε
1262 308 1347 363 πρὸς
1363 308 1565 364 Ξενοφάνην
1579 309 1636 348 τὸν
1652 309 1891 363 Κολοφώνιον.
1906 325 1940 349 κ.
1956 326 1988 349 τ.
2007 310 2072 363 λ.),
2090 311 2181 362 phi-

1146 365 1298 419 losophi
1313 377 1462 407 aetatem
1482 368 1633 407 duabus
1647 369 1863 408 rationibus
1881 378 2050 408 notatam
2068 370 2184 408 fuisse

1147 427 1290 466 statuit.

1202 486 1264 524 Ad
1283 486 1403 524 verba
1425 486 1509 541 ἄχρι
1537 489 1606 526 τῶν
1626 486 1774 541 Δαρείου
1800 503 1838 526 τε
1861 488 1921 527 καὶ
1940 488 2059 543 Κύρου
2095 488 2185 542 χρό-

1149 559 1217 582 νων
1238 548 1417 583 Karsten.
1437 549 1495 584 De
1514 547 1757 598 Xenophane
1777 561 1814 598 p.
1828 561 1848 584 2
1867 556 2047 586 annotat:
2070 550 2186 587 «Haec

1152 603 1269 642 verba
1280 605 1416 642 merito
1433 614 1607 656 suspecta
1625 616 1732 654 sunt,
1745 615 1788 644 ut
1802 606 1884 657 jam
1906 607 2053 645 notavit
2069 608 2181 646 Dod-

1150 663 1282 701 wellus
1326 663 1367 700 in
1394 664 1597 702 Veteribus
1629 669 1752 703 Graec.
1786 674 1824 703 et
1852 670 1965 704 Rom.
1995 667 2123 716 cyclis,
2148 681 2186 718 p.

1157 723 1242 760 135.
1255 725 1353 760 Nam
1372 724 1511 761 Darius
1529 724 1681 762 Nothus
1711 734 1748 762 et
1781 728 1904 775 Cyrus
1925 726 2065 774 minor,
2086 726 2188 764 illius

1151 780 1271 827 filius,
1304 782 1536 820 recentiores
1567 791 1672 830 sunt,
1708 797 1823 834 quam
1855 792 1897 822 ut
1933 784 1995 822 hic
2027 784 2189 835 intelligi

1153 841 1326 891 possint3
1344 840 1501 878 Medum
1518 849 1646 878 autem
1663 856 1790 893 regem
1803 872 1813 890 ,
1838 843 1929 893 Cyri
1953 842 2108 894 majoris
2127 843 2190 881 de-

1153 913 1357 943 cessorem,
1374 913 1489 950 quem
1519 913 1635 938 sacrae
1648 901 1763 938 literae
1779 902 1941 939 Darium
1968 902 2188 952 nominant,

1153 957 1412 1009 Apollodorus
1430 967 1534 997 certe
1573 959 1648 996 hoc
1681 959 1836 997 nomine
1866 973 1945 997 non
1964 960 2190 1011 appellavit,

1153 1018 1192 1056 Si
1214 1030 1306 1066 ergo
1339 1017 1479 1055 Darius
1495 1018 1708 1068 Hystaspis,
1734 1026 1777 1055 ut
1805 1018 1999 1069 plerisque
2020 1019 2190 1067 videtur,

1155 1076 1422 1128 intelligendus
1442 1076 1490 1114 sit
1504 1106 1515 1125 ,
1532 1084 1679 1114 mutato
1693 1076 1830 1115 ordine
1853 1077 1972 1115 scribi
2011 1078 2190 1128 oportuit

1155 1134 1240 1189 ἄχρι
1261 1137 1331 1174 τῶν
1351 1134 1469 1190 Κύρου
1490 1135 1550 1174 καὶ
1563 1135 1724 1188 Δαρείου.
1737 1137 1854 1186 Bayle
1876 1137 1916 1173 in
1938 1139 2097 1176 D.‘ct1'0n.
2118 1141 2192 1174 cri-

1155 1200 1299 1244 t1'q.s.v.
1313 1196 1559 1245 Xenophane,
1579 1194 1735 1245 conjicit
1749 1208 1821 1245 pro
1839 1194 1990 1248 Δαρείου
2008 1209 2193 1247 reponen-

1155 1255 1247 1293 dum
1267 1269 1349 1294 esse
1384 1269 1526 1293 nomen
1556 1254 1721 1308 Κροίσου.
1741 1255 1898 1305 Origen.
1917 1255 2137 1306 Philosoph.
2157 1269 2190 1293 c.

1156 1318 1262 1352 xlv.
1292 1316 1393 1365 Opp.
1418 1322 1510 1352 tom.
1536 1317 1576 1360 Ι,
1608 1314 1836 1365 simpliciter
1860 1313 1978 1352 dicit:
1994 1307 2107 1356 Οῧτος
2130 1312 2195 1357 ἕως

1158 1372 1273 1427 Κύρου
1306 1373 1335 1411 δ’
1363 1371 1499 1424 ἔνειμεν
1515 1388 1524 1396 ·
1562 1373 1667 1425 quod
1699 1373 1829 1411 nescio
1861 1385 1910 1410 an
1946 1372 2195 1424 probandum

1156 1433 1216 1471 Sit.
1231 1450 1246 1467 υ

1644 1485 1708 1525 78.

1209 1545 1403 1596 Diogenes
1422 1547 1548 1582 Laert.
1567 1547 1605 1592 I,
1625 1549 1689 1593 74,
1710 1544 1779 1583 ubi
1813 1543 1861 1582 de
1892 1544 2040 1581 Pittaco
2057 1543 2190 1581 vindi-

1157 1613 1268 1643 cante
1289 1603 1440 1642 civibus
1457 1604 1685 1654 Mitylenaeis
1705 1603 1921 1654 portionem
1937 1602 2018 1653 agri
2037 1611 2195 1640 contro-

1159 1677 1309 1702 versam
1326 1679 1334 1701 :
1355 1661 1528 1717 “’Υστερον
1546 1661 1664 1714 μέντοι
1679 1661 1783 1716 φησὶν
1800 1659 2057 1714 Ἀπολλόδωρος
2069 1662 2104 1699 ἐν
2124 1666 2195 1704 τοῖς

1157 1727 1340 1779 Χρονικοῖς
1358 1724 1624 1771 διαδικασθῆναι
1643 1722 1722 1766 τοὺς
1741 1721 1939 1768 Ἀθηναίους
1952 1720 2103 1775 περὶτοῦ
2117 1736 2196 1773 χω-

1161 1785 1234 1839 ρίου
1258 1783 1344 1837 πρὸς
1368 1782 1448 1826 τοὺς
1474 1783 1754 1830 Μιτυληναίους,
1785 1780 1968 1824 ἀκούοντος
2003 1783 2064 1827 τῆς
2099 1779 2197 1827 δίκης

1161 1843 1398 1898 Περιάνδρου,
1441 1841 1477 1880 ὃν
1522 1841 1581 1880 καὶ
1618 1847 1690 1885 τοῖς
1728 1840 1920 1888 Ἀθηναίοις
1971 1844 2194 1893 προσκρῖναι.

1162 1904 1329 1956 (Olymp.
1350 1900 1510 1953 43-43.)

1647 1952 1710 1990 79.

1471 2013 1530 2051 Ol.
1549 2013 1610 2060 58,
1634 2026 1670 2049 2.
1693 2013 1767 2060 547
1793 2025 1827 2049 a.
1843 2015 1887 2051 C.

1215 2074 1376 2125 Diogen.
1392 2076 1519 2111 Laert.
1534 2075 1590 2119 ΙΙ,
1609 2085 1647 2121 2,
1661 2071 1709 2108 de
1727 2070 2015 2108 Anaximandro
2031 2069 2198 2107 Milesio:

1164 2135 1247 2172 Τῶν
1266 2130 1303 2170 δὲ
1323 2130 1541 2184 ἀρεσκόντων
1558 2130 1654 2182 αὐτῷ
1673 2129 1864 2176 πεποίηται
1888 2127 2113 2181 κεφαλαιώδη
2134 2126 2197 2174 τὴν

1164 2193 1312 2239 ἔκθεσιν,
1337 2185 1428 2244 ᾗπερ
1447 2188 1631 2243 περιέτυχε
1654 2189 1713 2227 καὶ
1737 2192 1754 2227 ὁ
1781 2187 2040 2240 Ἀπολλόδωρος
2059 2190 2076 2225 ὁ
2095 2186 2199 2233 Ἀθη-

1162 2257 1256 2294 ναῖος
1270 2265 1281 2275 ·
1301 2249 1337 2293 ὃς
1348 2248 1408 2287 καί
1429 2265 1533 2303 φησιν
1547 2247 1649 2286 αὐτὸν
1667 2249 1701 2285 ἐν
1722 2253 1792 2291 τοῖς
1811 2249 1994 2300 Χρονικοῖς
2009 2248 2059 2300 τῷ
2078 2244 2198 2283 δευτέ-

1167 2326 1215 2365 ρῳ
1241 2309 1310 2348 ἔτει
1335 2311 1398 2355 τῆς
1422 2309 1660 2354 πεντηκοστῆς
1686 2305 1810 2358 ὀγδόης
1836 2305 2077 2357 Ὀλυμπιάδος
2112 2306 2198 2343 ἐτῶν

1165 2364 1254 2408 εἶναι
1271 2367 1437 2415 ἑξήκοντα
1456 2366 1650 2421 τεσσάρων,
1667 2365 1728 2404 καὶ
1753 2366 1829 2417 μετ’
1846 2364 1960 2417 ὀλίγον
1977 2366 2197 2410 τελευτῆσαι,

1167 2426 1381 2479 ἀκμάσαντά
1393 2442 1443 2473 πη
1462 2425 1619 2477 μάλιστα
1632 2423 1724 2464 κατὰ
1744 2424 1979 2479 Πολυκράτην
1999 2423 2056 2462 τὸν
2072 2422 2197 2473 Σάμου

1166 2486 1346 2540 τύραννον.

1219 2545 1373 2583 Natales
1396 2544 1513 2595 igitur
1529 2542 1704 2582 incidunt
1720 2543 1760 2580 in
1778 2543 1838 2581 Ol.
1858 2548 1921 2589 42,
1939 2543 1976 2589 3,
1995 2542 2070 2577 610
2098 2553 2132 2577 a.
2154 2542 2195 2577 C.

1166 2607 1342 2650 Quocum
1359 2602 1535 2653 congruit
1552 2601 1691 2639 Euseb.
1710 2601 1771 2639 Ol.
1794 2600 1855 2648 5ι,
1876 2613 1897 2636 2
1916 2598 2199 2636 :«Aiiaxinian-

1166 2662 1234 2700 der
1263 2662 1432 2700 Milesius
1465 2661 1646 2712 physicus
1675 2660 1935 2711 agnoscitur.»
1955 2660 2084 2703 Quum
2104 2669 2197 2693 vero

68 2719 163 2765 λίκος
178 2715 255 2769 ἧσθ’
273 2721 323 2760 ὅθ’
340 2726 359 2761 ὁ
378 2724 500 2771 Μῆδος
518 2723 690 2778 ἀφίκετο),
709 2733 745 2763 et
762 2738 783 2762 e
802 2725 995 2762 Plutarch.
1015 2727 1106 2761 Mo—
1169 2722 1389 2772 Polycrates
1405 2750 1415 2768 ,
1434 2733 1513 2770 quo
1534 2728 1718 2770 regnante
1745 2717 1920 2755 floruisse
1943 2716 2084 2753 dicitur
2097 2719 2198 2752 Ana-

554 2841 617 2874 76.

112 2908 328 2961 Apollodorus
344 2910 377 2941 in
396 2910 568 2944 Chronicis
589 2911 689 2944 tradit
713 2912 878 2944 Thaletem
899 2914 1011 2944 natum
1029 2920 1100 2943 esse

72 2962 177 2994 primo
191 2963 277 2987 anno
289 2956 462 2989 tricesimae
475 2958 600 2998 quintae
614 2958 827 3000 Olympiadis,
845 2962 1010 2991 mortuum
1026 2961 1099 2990 aeta-

72 3000 115 3032 tis
130 3010 215 3054 anno
231 3003 468 3044 septuagesimo
482 3007 610 3044 octavo,
625 3005 706 3046 sive,
727 3007 763 3038 ut
780 3006 958 3039 Sosicrates
971 3005 1027 3045 ait,
1043 3013 1098 3037 no-

73 3055 249 3089 nageSimo.

556 3130 618 3163 77.

115 3202 346 3244 Xenophanem
364 3206 604 3247 Colophonium
626 3209 767 3241 Timaeus
800 3209 903 3241 fuisse
920 3209 999 3241 dicit
1026 3210 1102 3241 tem-

76 3256 153 3287 pore
168 3249 317 3284 Hieronis
333 3253 389 3293 qui
404 3253 438 3285 in
454 3253 564 3286 Sicilia
585 3254 726 3287 obtinuit
740 3256 957 3294 dominatum,
974 3257 1007 3288 et
1022 3256 1100 3297 Epi·

75 3294 197 3327 charmi
215 3300 335 3340 poetae;
357 3300 578 3341 Apollodorus
594 3303 704 3334 autem
718 3311 806 3341 eum,
822 3311 923 3343 quum
940 3305 1035 3333 natus
1051 3311 1099 3334 es-

75 3344 377 3424 ze‘trtiltlatthggesima
390 3347 585 3390 olympiade,
598 3350 781 3391 pervenisse
793 3359 894 3391 usque
904 3350 945 3382 ad
958 3351 1102 3391 tempora

106 3408 113 3419 .
156 3400 164 3422 i
182 3400 200 3424 e
255 3402 313 3434 yri.

1652 2837 1715 2870 78.

1205 2898 1316 2929 Postea
1325 2895 1536 2928 Athenienses
1553 2895 1750 2935 disceptasse
1770 2900 1845 2924 cum
1863 2891 2056 2932 Mitylenaeis
2067 2891 2108 2923 de
2127 2900 2197 2932 pos·

1163 2944 1306 2975 sessione
1322 2943 1401 2982 agri,
1427 2942 1599 2982 ipsumque
1615 2950 1633 2972 a
1649 2939 1825 2972 Periandro
1838 2938 2067 2971 controversiae
2088 2938 2198 2979 judice

1163 2989 1412 3022 Atheniensibus
1448 2988 1668 3029 adiudicatum
1705 2995 1788 3026 esse,
1807 2985 1907 3018 tradit
1930 2985 2145 3027 Apollodorus
2164 2986 2197 3018 in

1164 3035 1350 3067 Chronicis.

1647 3094 1709 3127 79.

1206 3153 1243 3183 In
1254 3151 1386 3182 brevem
1410 3150 1639 3182 Anaximandri
1664 3151 1858 3191 placitorum
1878 3159 2012 3183 suorum
2028 3150 2198 3192 expositio-

1164 3207 1238 3229 nem
1255 3197 1365 3229 incidit
1377 3197 1592 3238 Apollodorus
1604 3207 1734 3239 quoque
1750 3198 1965 3238 Atheniensis,
1978 3198 2034 3240 qui
2049 3199 2140 3231 illum
2164 3198 2197 3230 in

1170 3244 1340 3278 chronicis
1356 3244 1402 3276 ait
1413 3245 1556 3277 secundo
1572 3254 1657 3277 anno
1669 3245 1946 3286 quinquagesimae
1957 3248 2082 3278 octavae
2095 3246 2196 3287 olym-

1170 3292 1274 3332 piadis
1301 3300 1422 3323 annum
1444 3292 1547 3333 egisse
1568 3293 1674 3325 aetatis
1697 3293 1934 3334 sexagesimum
1955 3296 2106 3335 quartum
2125 3318 2134 3334 ,
2160 3301 2198 3324 ac

1172 3339 1267 3379 paulo
1289 3340 1364 3380 post
1393 3338 1513 3371 obiisse
1533 3339 1643 3371 diem:
1666 3339 1812 3373 floruisse
1837 3343 1946 3373 autem
1971 3341 2114 3373 maxime
2134 3338 2196 3372 sub

1166 3385 1334 3426 Polycrate
1347 3386 1528 3418 Samiorum
1546 3387 1697 3428 tyranno.
