<?xml version="1.0" encoding="UTF-8"?>
<!DOCTYPE html PUBLIC "-//W3C//DTD XHTML 1.0 Transitional//EN"
    "http://www.w3.org/TR/xhtml1/DTD/xhtml1-transitional.dtd">
<html xmlns="http://www.w3.org/1999/xhtml" xml:lang="en" lang="en">
 <head>
  <title>
</title>
<meta http-equiv="Content-Type" content="text/html;charset=utf-8" />
  <meta name='ocr-system' content='tesseract 3.04.00' />
  <meta name='ocr-capabilities' content='ocr_page ocr_carea ocr_par ocr_line ocrx_word'/>
</head>
<body>
  <div class='ocr_page' id='page_1' title='image "./fragmentahistori01mueluoft_0329.png"; bbox 0 0 2320 3684; ppageno 0'>
   <div class='ocr_carea' id='block_1_1' title="bbox 829 168 1364 208">
    <p class='ocr_par' dir='ltr' id='par_1_1' title="bbox 829 168 1364 208">
     <span class='ocr_line' id='line_1_1' title="bbox 829 168 1364 208; baseline -0.002 0"><span class='ocrx_word' id='word_1_1' title='bbox 829 170 996 208; x_wconf 89' lang='lat' dir='ltr'>TIMAEI</span> <span class='ocrx_word' id='word_1_2' title='bbox 1030 168 1364 208; x_wconf 86' lang='lat' dir='ltr'><strong>FRAGMENTA.</strong></span> 
     </span>
    </p>
   </div>
   <div class='ocr_carea' id='block_1_2' title="bbox 39 248 1077 962">
    <p class='ocr_par' dir='ltr' id='par_1_2' title="bbox 39 248 1077 962">
     <span class='ocr_line' id='line_1_2' title="bbox 39 248 1068 319; baseline -0.011 -16"><span class='ocrx_word' id='word_1_3' title='bbox 39 278 175 319; x_wconf 78' lang='grc' dir='ltr'>πρωτος</span> <span class='ocrx_word' id='word_1_4' title='bbox 210 261 273 313; x_wconf 81' lang='grc' dir='ltr'><em>μὲν</em></span> <span class='ocrx_word' id='word_1_5' title='bbox 308 260 516 316; x_wconf 78' lang='grc' dir='ltr'>Χερσίφρων</span> <span class='ocrx_word' id='word_1_6' title='bbox 542 257 848 312; x_wconf 83' lang='grc' dir='ltr'>ἠρχιτεκτόνησεν,</span> <span class='ocrx_word' id='word_1_7' title='bbox 875 248 937 293; x_wconf 68' lang='grc' dir='ltr'>εἶτ’</span> <span class='ocrx_word' id='word_1_8' title='bbox 964 254 1068 298; x_wconf 80' lang='grc' dir='ltr'>ἄλλος</span> 
     </span>
     <span class='ocr_line' id='line_1_3' title="bbox 40 313 1070 373; baseline -0.012 -11"><span class='ocrx_word' id='word_1_9' title='bbox 40 322 184 369; x_wconf 83' lang='grc' dir='ltr'>ἐποίησε</span> <span class='ocrx_word' id='word_1_10' title='bbox 203 320 322 373; x_wconf 88' lang='grc' dir='ltr'>μείζω·</span> <span class='ocrx_word' id='word_1_11' title='bbox 345 322 391 363; x_wconf 80' lang='grc' dir='ltr'><em>ὣς</em></span> <span class='ocrx_word' id='word_1_12' title='bbox 410 318 446 357; x_wconf 83' lang='grc' dir='ltr'><em>δὲ</em></span> <span class='ocrx_word' id='word_1_13' title='bbox 462 323 582 357; x_wconf 84' lang='grc' dir='ltr'>τοῦτον</span> <span class='ocrx_word' id='word_1_14' title='bbox 597 314 832 370; x_wconf 87' lang='grc' dir='ltr'>Ἡρόστρατός</span> <span class='ocrx_word' id='word_1_15' title='bbox 849 330 902 358; x_wconf 88' lang='grc' dir='ltr'><em>τις</em></span> <span class='ocrx_word' id='word_1_16' title='bbox 922 313 1070 366; x_wconf 82' lang='grc' dir='ltr'>ἐνέπρη-</span> 
     </span>
     <span class='ocr_line' id='line_1_4' title="bbox 41 372 1068 431; baseline -0.012 -10"><span class='ocrx_word' id='word_1_17' title='bbox 41 396 113 429; x_wconf 83' lang='grc' dir='ltr'>σεν,</span> <span class='ocrx_word' id='word_1_18' title='bbox 138 380 243 420; x_wconf 82' lang='grc' dir='ltr'>ἄλλον</span> <span class='ocrx_word' id='word_1_19' title='bbox 271 378 403 431; x_wconf 87' lang='grc' dir='ltr'>ἀμείνω</span> <span class='ocrx_word' id='word_1_20' title='bbox 422 374 696 421; x_wconf 84' lang='grc' dir='ltr'>κατεσκεύασαν,</span> <span class='ocrx_word' id='word_1_21' title='bbox 723 372 987 424; x_wconf 85' lang='grc' dir='ltr'>συνενεγκάντες</span> <span class='ocrx_word' id='word_1_22' title='bbox 1010 372 1068 411; x_wconf 86' lang='grc' dir='ltr'><em>τὸν</em></span> 
     </span>
     <span class='ocr_line' id='line_1_5' title="bbox 41 430 1070 490; baseline -0.011 -11"><span class='ocrx_word' id='word_1_23' title='bbox 41 442 111 479; x_wconf 79' lang='grc' dir='ltr'><em>τῶν</em></span> <span class='ocrx_word' id='word_1_24' title='bbox 134 454 308 490; x_wconf 84' lang='grc' dir='ltr'>γυναικων</span> <span class='ocrx_word' id='word_1_25' title='bbox 344 436 490 487; x_wconf 83' lang='grc' dir='ltr'>κόσμον,</span> <span class='ocrx_word' id='word_1_26' title='bbox 518 434 577 473; x_wconf 82' lang='grc' dir='ltr'><em>καὶ</em></span> <span class='ocrx_word' id='word_1_27' title='bbox 595 433 658 478; x_wconf 78' lang='grc' dir='ltr'><em>τὰς</em></span> <span class='ocrx_word' id='word_1_28' title='bbox 678 433 765 476; x_wconf 79' lang='grc' dir='ltr'>ἰδίας</span> <span class='ocrx_word' id='word_1_29' title='bbox 788 431 907 476; x_wconf 76' lang='grc' dir='ltr'>οὐσίας</span> <span class='ocrx_word' id='word_1_30' title='bbox 921 462 931 479; x_wconf 85' lang='grc'>,</span> <span class='ocrx_word' id='word_1_31' title='bbox 952 430 1070 469; x_wconf 90' lang='grc' dir='ltr'>διαθέ-</span> 
     </span>
     <span class='ocr_line' id='line_1_6' title="bbox 44 491 1069 550; baseline -0.008 -13"><span class='ocrx_word' id='word_1_32' title='bbox 44 513 141 550; x_wconf 90' lang='grc' dir='ltr'>μενοι</span> <span class='ocrx_word' id='word_1_33' title='bbox 160 497 196 536; x_wconf 82' lang='grc' dir='ltr'><em>δὲ</em></span> <span class='ocrx_word' id='word_1_34' title='bbox 218 496 276 536; x_wconf 75' lang='grc' dir='ltr'><em>καὶ</em></span> <span class='ocrx_word' id='word_1_35' title='bbox 292 494 371 540; x_wconf 87' lang='grc' dir='ltr'>τους</span> <span class='ocrx_word' id='word_1_36' title='bbox 387 494 574 548; x_wconf 75' lang='grc' dir='ltr'>προτέρους</span> <span class='ocrx_word' id='word_1_37' title='bbox 593 491 721 536; x_wconf 89' lang='grc' dir='ltr'>κίονας,</span> <span class='ocrx_word' id='word_1_38' title='bbox 741 491 887 531; x_wconf 87' lang='grc' dir='ltr'>Τούτων</span> <span class='ocrx_word' id='word_1_39' title='bbox 915 491 951 530; x_wconf 80' lang='grc' dir='ltr'><em>δὲ</em></span> <span class='ocrx_word' id='word_1_40' title='bbox 976 505 1069 543; x_wconf 89' lang='grc' dir='ltr'>μαρ-</span> 
     </span>
     <span class='ocr_line' id='line_1_7' title="bbox 43 549 1070 608; baseline -0.009 -12"><span class='ocrx_word' id='word_1_41' title='bbox 43 555 146 608; x_wconf 88' lang='grc' dir='ltr'>τυρία</span> <span class='ocrx_word' id='word_1_42' title='bbox 173 555 246 594; x_wconf 85' lang='grc' dir='ltr'>ἐστι</span> <span class='ocrx_word' id='word_1_43' title='bbox 281 553 327 592; x_wconf 81' lang='grc' dir='ltr'><em>τὰ</em></span> <span class='ocrx_word' id='word_1_44' title='bbox 366 551 556 601; x_wconf 83' lang='grc' dir='ltr'>γενηθέντα</span> <span class='ocrx_word' id='word_1_45' title='bbox 590 550 670 589; x_wconf 84' lang='grc' dir='ltr'>τότε</span> <span class='ocrx_word' id='word_1_46' title='bbox 711 550 941 604; x_wconf 84' lang='grc' dir='ltr'>ψηφίσματα·</span> <span class='ocrx_word' id='word_1_47' title='bbox 980 549 1070 602; x_wconf 88' lang='grc' dir='ltr'>ἅπερ</span> 
     </span>
     <span class='ocr_line' id='line_1_8' title="bbox 45 607 1074 666; baseline -0.007 -12"><span class='ocrx_word' id='word_1_48' title='bbox 45 613 233 666; x_wconf 76' lang='grc' dir='ltr'>ἀγνοοῦντά</span> <span class='ocrx_word' id='word_1_49' title='bbox 248 627 351 666; x_wconf 85' lang='grc' dir='ltr'>φησιν</span> <span class='ocrx_word' id='word_1_50' title='bbox 363 614 381 650; x_wconf 84' lang='grc' dir='ltr'><strong>ὁ</strong></span> <span class='ocrx_word' id='word_1_51' title='bbox 394 610 644 663; x_wconf 86' lang='grc' dir='ltr'>Ἀρτεμίδωρος</span> <span class='ocrx_word' id='word_1_52' title='bbox 658 609 717 648; x_wconf 83' lang='grc' dir='ltr'><em>τὸν</em></span> <span class='ocrx_word' id='word_1_53' title='bbox 734 609 997 663; x_wconf 88' lang='grc' dir='ltr'>Ταυρομενίτην</span> <span class='ocrx_word' id='word_1_54' title='bbox 1008 607 1074 647; x_wconf 92' lang='grc' dir='ltr'>Τί-</span> 
     </span>
     <span class='ocr_line' id='line_1_9' title="bbox 48 668 1072 725; baseline -0.006 -13"><span class='ocrx_word' id='word_1_55' title='bbox 48 689 150 725; x_wconf 88' lang='grc' dir='ltr'>μαιον</span> <span class='ocrx_word' id='word_1_56' title='bbox 169 703 179 722; x_wconf 91' lang='grc'>,</span> <span class='ocrx_word' id='word_1_57' title='bbox 215 671 275 711; x_wconf 79' lang='grc' dir='ltr'><em>καὶ</em></span> <span class='ocrx_word' id='word_1_58' title='bbox 306 670 420 713; x_wconf 80' lang='grc' dir='ltr'>ἄλλως</span> <span class='ocrx_word' id='word_1_59' title='bbox 442 669 616 722; x_wconf 88' lang='grc' dir='ltr'>βάσκανον</span> <span class='ocrx_word' id='word_1_60' title='bbox 641 668 727 708; x_wconf 85' lang='grc' dir='ltr'>ὄντα</span> <span class='ocrx_word' id='word_1_61' title='bbox 761 668 820 707; x_wconf 80' lang='grc' dir='ltr'><em>καὶ</em></span> <span class='ocrx_word' id='word_1_62' title='bbox 853 668 1072 721; x_wconf 81' lang='grc' dir='ltr'>συκοφάντην</span> 
     </span>
     <span class='ocr_line' id='line_1_10' title="bbox 47 726 1073 780; baseline -0.007 -9"><span class='ocrx_word' id='word_1_63' title='bbox 47 731 114 778; x_wconf 84' lang='grc' dir='ltr'>(διὸ</span> <span class='ocrx_word' id='word_1_64' title='bbox 143 730 203 770; x_wconf 80' lang='grc' dir='ltr'><em>καὶ</em></span> <span class='ocrx_word' id='word_1_65' title='bbox 239 729 466 780; x_wconf 82' lang='grc' dir='ltr'>Ἐπιτίμαιον</span> <span class='ocrx_word' id='word_1_66' title='bbox 498 727 685 779; x_wconf 76' lang='grc' dir='ltr'>κληθῆναι)</span> <span class='ocrx_word' id='word_1_67' title='bbox 719 726 846 779; x_wconf 84' lang='grc' dir='ltr'>λέγειν,</span> <span class='ocrx_word' id='word_1_68' title='bbox 872 729 919 771; x_wconf 82' lang='grc' dir='ltr'><em>ὡς</em></span> <span class='ocrx_word' id='word_1_69' title='bbox 944 728 984 765; x_wconf 80' lang='grc' dir='ltr'>ἐκ</span> <span class='ocrx_word' id='word_1_70' title='bbox 1005 729 1073 765; x_wconf 87' lang='grc' dir='ltr'><em>τῶν</em></span> 
     </span>
     <span class='ocr_line' id='line_1_11' title="bbox 48 785 1074 844; baseline -0.007 -14"><span class='ocrx_word' id='word_1_71' title='bbox 48 792 232 844; x_wconf 87' lang='grc' dir='ltr'>Περσικων</span> <span class='ocrx_word' id='word_1_72' title='bbox 259 789 567 842; x_wconf 87' lang='grc' dir='ltr'>παρακαταθηκων</span> <span class='ocrx_word' id='word_1_73' title='bbox 592 785 802 834; x_wconf 81' lang='grc' dir='ltr'>ἐποιήσαντο</span> <span class='ocrx_word' id='word_1_74' title='bbox 820 790 882 824; x_wconf 78' lang='grc' dir='ltr'><em>τοῦ</em></span> <span class='ocrx_word' id='word_1_75' title='bbox 900 788 994 838; x_wconf 82' lang='grc' dir='ltr'>ἱερου</span> <span class='ocrx_word' id='word_1_76' title='bbox 1011 785 1074 832; x_wconf 79' lang='grc' dir='ltr'><em>τὴν</em></span> 
     </span>
     <span class='ocr_line' id='line_1_12' title="bbox 47 843 1077 900; baseline -0.006 -12"><span class='ocrx_word' id='word_1_77' title='bbox 47 847 253 896; x_wconf 82' lang='grc' dir='ltr'>ἐπισκευήν·</span> <span class='ocrx_word' id='word_1_78' title='bbox 267 847 343 887; x_wconf 86' lang='grc' dir='ltr'>οὔτε</span> <span class='ocrx_word' id='word_1_79' title='bbox 361 845 428 885; x_wconf 70' lang='grc' dir='ltr'><em>δὲε</em></span> <span class='ocrx_word' id='word_1_80' title='bbox 415 846 527 900; x_wconf 82' lang='grc' dir='ltr'>υπάρς</span> <span class='ocrx_word' id='word_1_81' title='bbox 530 861 565 883; x_wconf 93' lang='grc' dir='ltr'><em>αι</em></span> <span class='ocrx_word' id='word_1_82' title='bbox 579 844 879 899; x_wconf 80' lang='grc' dir='ltr'>παρακαταθήκας</span> <span class='ocrx_word' id='word_1_83' title='bbox 896 843 974 882; x_wconf 84' lang='grc' dir='ltr'>τότε</span> <span class='ocrx_word' id='word_1_84' title='bbox 983 843 1077 893; x_wconf 84' lang='grc' dir='ltr'>,εἴτε</span> 
     </span>
     <span class='ocr_line' id='line_1_13' title="bbox 48 906 716 962; baseline -0.008 -15"><span class='ocrx_word' id='word_1_85' title='bbox 48 907 219 962; x_wconf 77' lang='grc' dir='ltr'>ὑπῆρξαν,</span> <span class='ocrx_word' id='word_1_86' title='bbox 239 908 551 960; x_wconf 87' lang='grc' dir='ltr'>συνεμπρησθῆναι</span> <span class='ocrx_word' id='word_1_87' title='bbox 562 906 613 958; x_wconf 81' lang='grc' dir='ltr'><em>τῷ</em></span> <span class='ocrx_word' id='word_1_88' title='bbox 629 906 716 957; x_wconf 83' lang='grc' dir='ltr'>ναῷ.</span> 
     </span>
    </p>
   </div>
   <div class='ocr_carea' id='block_1_3' title="bbox 103 943 1083 1060">
    <p class='ocr_par' dir='ltr' id='par_1_3' title="bbox 103 943 1083 1060">
     <span class='ocr_line' id='line_1_14' title="bbox 103 943 1083 1060; baseline -0.006 -7"><span class='ocrx_word' id='word_1_89' title='bbox 103 1014 182 1054; x_wconf 90' lang='lat' dir='ltr'><em>Cic.</em></span> <span class='ocrx_word' id='word_1_90' title='bbox 209 1013 256 1052; x_wconf 88' lang='lat' dir='ltr'><em>de</em></span> <span class='ocrx_word' id='word_1_91' title='bbox 290 1016 380 1052; x_wconf 85' lang='lat' dir='ltr'><em>Nat.</em></span> <span class='ocrx_word' id='word_1_92' title='bbox 410 1016 528 1051; x_wconf 84' lang='lat' dir='ltr'><em>Deor.</em></span> <span class='ocrx_word' id='word_1_93' title='bbox 519 943 617 1059; x_wconf 47' lang='grc'><em>131,.71</em></span> <span class='ocrx_word' id='word_1_94' title='bbox 639 1025 706 1058; x_wconf 78' lang='lat'><em>27:</em></span> <span class='ocrx_word' id='word_1_95' title='bbox 742 1012 1011 1060; x_wconf 67' lang='lat' dir='ltr'><em>concinneque,</em></span> <span class='ocrx_word' id='word_1_96' title='bbox 1040 1020 1083 1048; x_wconf 84' lang='lat' dir='ltr'><em>ut</em></span> 
     </span>
    </p>
   </div>
   <div class='ocr_carea' id='block_1_4' title="bbox 50 1071 1083 1358">
    <p class='ocr_par' dir='ltr' id='par_1_4' title="bbox 50 1071 1083 1358">
     <span class='ocr_line' id='line_1_15' title="bbox 50 1071 1076 1122; baseline -0.005 -10"><span class='ocrx_word' id='word_1_97' title='bbox 50 1076 178 1120; x_wconf 82' lang='lat' dir='ltr'><em>multa,</em></span> <span class='ocrx_word' id='word_1_98' title='bbox 214 1075 374 1110; x_wconf 82' lang='lat' dir='ltr'><em>Timoeus</em></span> <span class='ocrx_word' id='word_1_99' title='bbox 400 1087 411 1108; x_wconf 93' lang='lat'><em>:</em></span> <span class='ocrx_word' id='word_1_100' title='bbox 429 1076 493 1122; x_wconf 79' lang='lat' dir='ltr'><em>qui</em></span> <span class='ocrx_word' id='word_1_101' title='bbox 525 1085 635 1121; x_wconf 83' lang='lat' dir='ltr'><em>quum</em></span> <span class='ocrx_word' id='word_1_102' title='bbox 667 1077 704 1108; x_wconf 82' lang='lat' dir='ltr'><em>in</em></span> <span class='ocrx_word' id='word_1_103' title='bbox 736 1071 887 1108; x_wconf 81' lang='lat' dir='ltr'><em>historia</em></span> <span class='ocrx_word' id='word_1_104' title='bbox 913 1072 1076 1116; x_wconf 72' lang='lat' dir='ltr'><em>dixisset,</em></span> 
     </span>
     <span class='ocr_line' id='line_1_16' title="bbox 51 1130 1082 1182; baseline -0.004 -13"><span class='ocrx_word' id='word_1_105' title='bbox 51 1146 124 1182; x_wconf 80' lang='lat' dir='ltr'><em>qua</em></span> <span class='ocrx_word' id='word_1_106' title='bbox 153 1140 255 1168; x_wconf 82' lang='lat' dir='ltr'><em>nocte</em></span> <span class='ocrx_word' id='word_1_107' title='bbox 280 1140 388 1168; x_wconf 78' lang='lat' dir='ltr'><em>natus</em></span> <span class='ocrx_word' id='word_1_108' title='bbox 413 1132 633 1167; x_wconf 78' lang='lat' dir='ltr'><em>Alexander</em></span> <span class='ocrx_word' id='word_1_109' title='bbox 657 1139 760 1176; x_wconf 85' lang='lat' dir='ltr'><em>esset,</em></span> <span class='ocrx_word' id='word_1_110' title='bbox 785 1130 913 1165; x_wconf 80' lang='lat' dir='ltr'><em>eadem</em></span> <span class='ocrx_word' id='word_1_111' title='bbox 942 1131 1082 1166; x_wconf 81' lang='lat' dir='ltr'><em>Dianoe</em></span> 
     </span>
     <span class='ocr_line' id='line_1_17' title="bbox 56 1189 1083 1240; baseline -0.004 -13"><span class='ocrx_word' id='word_1_112' title='bbox 56 1191 225 1240; x_wconf 81' lang='lat' dir='ltr'><em>Ephesioe</em></span> <span class='ocrx_word' id='word_1_113' title='bbox 242 1192 414 1240; x_wconf 78' lang='lat' dir='ltr'><em>templum</em></span> <span class='ocrx_word' id='word_1_114' title='bbox 429 1189 546 1239; x_wconf 54' lang='lat' dir='ltr'><em>desta„</em></span> <span class='ocrx_word' id='word_1_115' title='bbox 531 1192 697 1234; x_wconf 67' lang='lat' dir='ltr'><em>⁰wwisse,</em></span> <span class='ocrx_word' id='word_1_116' title='bbox 714 1189 902 1236; x_wconf 49' lang='lat' dir='ltr'><em>adfinxit,</em></span> <span class='ocrx_word' id='word_1_117' title='bbox 932 1191 1083 1224; x_wconf 81' lang='lat' dir='ltr'><em>minime</em></span> 
     </span>
     <span class='ocr_line' id='line_1_18' title="bbox 56 1249 1083 1297; baseline -0.003 -10"><span class='ocrx_word' id='word_1_118' title='bbox 56 1252 94 1287; x_wconf 85' lang='lat' dir='ltr'><em>id</em></span> <span class='ocrx_word' id='word_1_119' title='bbox 112 1263 189 1286; x_wconf 80' lang='lat' dir='ltr'><em>esse</em></span> <span class='ocrx_word' id='word_1_120' title='bbox 217 1251 440 1295; x_wconf 79' lang='lat' dir='ltr'><em>mirandum,</em></span> <span class='ocrx_word' id='word_1_121' title='bbox 470 1250 569 1297; x_wconf 73' lang='lat' dir='ltr'><em>quod</em></span> <span class='ocrx_word' id='word_1_122' title='bbox 595 1249 736 1292; x_wconf 79' lang='lat' dir='ltr'><em>Diana,</em></span> <span class='ocrx_word' id='word_1_123' title='bbox 768 1261 879 1296; x_wconf 75' lang='lat' dir='ltr'><em>quum</em></span> <span class='ocrx_word' id='word_1_124' title='bbox 907 1251 944 1283; x_wconf 84' lang='lat' dir='ltr'><em>in</em></span> <span class='ocrx_word' id='word_1_125' title='bbox 966 1256 1083 1296; x_wconf 85' lang='lat' dir='ltr'><em>partu</em></span> 
     </span>
     <span class='ocr_line' id='line_1_19' title="bbox 57 1304 953 1358; baseline -0.001 -13"><span class='ocrx_word' id='word_1_126' title='bbox 57 1310 286 1358; x_wconf 58' lang='lat' dir='ltr'><em>Olympiadis</em></span> <span class='ocrx_word' id='word_1_127' title='bbox 298 1309 425 1345; x_wconf 83' lang='lat' dir='ltr'><em>adesse</em></span> <span class='ocrx_word' id='word_1_128' title='bbox 439 1310 623 1352; x_wconf 77' lang='lat' dir='ltr'><em>voluisset,</em></span> <span class='ocrx_word' id='word_1_129' title='bbox 643 1304 820 1356; x_wconf 68' lang='lat' dir='ltr'><em>abfitisset</em></span> <span class='ocrx_word' id='word_1_130' title='bbox 837 1307 953 1344; x_wconf 88' lang='lat' dir='ltr'><em>domo.</em></span> 
     </span>
    </p>
   </div>
   <div class='ocr_carea' id='block_1_5' title="bbox 57 1412 1096 2114">
    <p class='ocr_par' dir='ltr' id='par_1_5' title="bbox 57 1412 1096 2114">
     <span class='ocr_line' id='line_1_20' title="bbox 108 1412 1086 1464; baseline 0 -12"><span class='ocrx_word' id='word_1_131' title='bbox 108 1414 271 1464; x_wconf 84' lang='lat' dir='ltr'><em>Longin.</em></span> <span class='ocrx_word' id='word_1_132' title='bbox 287 1417 345 1451; x_wconf 92' lang='lat' dir='ltr'><em>De</em></span> <span class='ocrx_word' id='word_1_133' title='bbox 365 1412 520 1451; x_wconf 91' lang='lat' dir='ltr'><strong>sublim.</strong></span> <span class='ocrx_word' id='word_1_134' title='bbox 544 1415 613 1460; x_wconf 87' lang='lat' dir='ltr'><em>IV,</em></span> <span class='ocrx_word' id='word_1_135' title='bbox 646 1426 678 1461; x_wconf 91' lang='lat'><em>1,</em></span> <span class='ocrx_word' id='word_1_136' title='bbox 694 1425 732 1464; x_wconf 90' lang='lat' dir='ltr'><em>p.</em></span> <span class='ocrx_word' id='word_1_137' title='bbox 755 1418 800 1457; x_wconf 78' lang='lat'><em>14</em></span> <span class='ocrx_word' id='word_1_138' title='bbox 819 1413 964 1452; x_wconf 87' lang='lat' dir='ltr'><em>Weisk.</em></span> <span class='ocrx_word' id='word_1_139' title='bbox 979 1443 990 1462; x_wconf 93' lang='lat'><em>,</em></span> <span class='ocrx_word' id='word_1_140' title='bbox 1017 1413 1086 1452; x_wconf 90' lang='lat' dir='ltr'><em>ubi</em></span> 
     </span>
     <span class='ocr_line' id='line_1_21' title="bbox 57 1471 1087 1525; baseline 0.001 -15"><span class='ocrx_word' id='word_1_141' title='bbox 57 1472 105 1511; x_wconf 87' lang='lat' dir='ltr'><em>de</em></span> <span class='ocrx_word' id='word_1_142' title='bbox 123 1472 262 1523; x_wconf 85' lang='lat' dir='ltr'><em>frigida</em></span> <span class='ocrx_word' id='word_1_143' title='bbox 273 1472 404 1510; x_wconf 86' lang='lat' dir='ltr'><em>Timaei</em></span> <span class='ocrx_word' id='word_1_144' title='bbox 421 1472 595 1509; x_wconf 84' lang='lat' dir='ltr'><em>oratione</em></span> <span class='ocrx_word' id='word_1_145' title='bbox 607 1471 802 1522; x_wconf 86' lang='lat' dir='ltr'><em>loquitur:</em></span> <span class='ocrx_word' id='word_1_146' title='bbox 824 1471 1087 1525; x_wconf 84' lang='grc' dir='ltr'>Παραθήσομαι</span> 
     </span>
     <span class='ocr_line' id='line_1_22' title="bbox 57 1527 1089 1585; baseline 0.001 -16"><span class='ocrx_word' id='word_1_147' title='bbox 57 1530 201 1585; x_wconf 85' lang='grc' dir='ltr'>τάνδρὸς</span> <span class='ocrx_word' id='word_1_148' title='bbox 217 1529 253 1568; x_wconf 83' lang='grc' dir='ltr'><em>ἓν</em></span> <span class='ocrx_word' id='word_1_149' title='bbox 275 1529 298 1576; x_wconf 88' lang='grc' dir='ltr'>ἢ</span> <span class='ocrx_word' id='word_1_150' title='bbox 319 1530 400 1578; x_wconf 86' lang='grc' dir='ltr'>δύο,</span> <span class='ocrx_word' id='word_1_151' title='bbox 417 1528 537 1576; x_wconf 81' lang='grc' dir='ltr'>ἐπειδὴ</span> <span class='ocrx_word' id='word_1_152' title='bbox 556 1527 599 1567; x_wconf 82' lang='grc' dir='ltr'><em>τὰ</em></span> <span class='ocrx_word' id='word_1_153' title='bbox 617 1529 728 1567; x_wconf 80' lang='grc' dir='ltr'>πλείω</span> <span class='ocrx_word' id='word_1_154' title='bbox 752 1529 947 1584; x_wconf 73' lang='grc' dir='ltr'>προέλαὸεν</span> <span class='ocrx_word' id='word_1_155' title='bbox 967 1534 985 1570; x_wconf 84' lang='grc' dir='ltr'>ὁ</span> <span class='ocrx_word' id='word_1_156' title='bbox 999 1533 1089 1570; x_wconf 85' lang='grc' dir='ltr'>Και-</span> 
     </span>
     <span class='ocr_line' id='line_1_23' title="bbox 58 1587 1088 1643; baseline 0 -15"><span class='ocrx_word' id='word_1_157' title='bbox 58 1588 177 1634; x_wconf 84' lang='grc' dir='ltr'>κίλιος.</span> <span class='ocrx_word' id='word_1_158' title='bbox 191 1589 369 1628; x_wconf 82' lang='grc' dir='ltr'>Ἐπαινῶν</span> <span class='ocrx_word' id='word_1_159' title='bbox 385 1588 607 1643; x_wconf 79' lang='grc' dir='ltr'>Ἀλέξανδρον</span> <span class='ocrx_word' id='word_1_160' title='bbox 621 1587 679 1626; x_wconf 89' lang='grc' dir='ltr'><em>τὸν</em></span> <span class='ocrx_word' id='word_1_161' title='bbox 697 1587 833 1640; x_wconf 83' lang='grc' dir='ltr'>Μέγαν,</span> <span class='ocrx_word' id='word_1_162' title='bbox 848 1588 883 1633; x_wconf 82' lang='grc' dir='ltr'><em>ὃς</em></span> <span class='ocrx_word' id='word_1_163' title='bbox 896 1588 960 1637; x_wconf 77' lang='grc' dir='ltr'><em>τὴν</em></span> <span class='ocrx_word' id='word_1_164' title='bbox 971 1589 1088 1628; x_wconf 88' lang='grc' dir='ltr'>Ἀσίαν</span> 
     </span>
     <span class='ocr_line' id='line_1_24' title="bbox 60 1646 1090 1703; baseline -0.001 -16"><span class='ocrx_word' id='word_1_165' title='bbox 60 1647 157 1697; x_wconf 80' lang='grc' dir='ltr'>ὅλην,</span> <span class='ocrx_word' id='word_1_166' title='bbox 177 1648 297 1703; x_wconf 80' lang='grc' dir='ltr'>φησὶν,</span> <span class='ocrx_word' id='word_1_167' title='bbox 318 1649 354 1687; x_wconf 82' lang='grc' dir='ltr'><em>ἐν</em></span> <span class='ocrx_word' id='word_1_168' title='bbox 373 1647 537 1687; x_wconf 79' lang='grc' dir='ltr'>ἐλάττοσι</span> <span class='ocrx_word' id='word_1_169' title='bbox 561 1646 761 1702; x_wconf 77' lang='grc' dir='ltr'>παρέλαὸεν</span> <span class='ocrx_word' id='word_1_170' title='bbox 782 1647 907 1694; x_wconf 83' lang='grc' dir='ltr'>ἔτεσιν,</span> <span class='ocrx_word' id='word_1_171' title='bbox 944 1647 966 1695; x_wconf 85' lang='grc' dir='ltr'>ἢ</span> <span class='ocrx_word' id='word_1_172' title='bbox 998 1647 1090 1692; x_wconf 74' lang='grc' dir='ltr'>ὅσοις</span> 
     </span>
     <span class='ocr_line' id='line_1_25' title="bbox 60 1704 1090 1760; baseline 0 -14"><span class='ocrx_word' id='word_1_173' title='bbox 60 1705 118 1746; x_wconf 77' lang='grc' dir='ltr'><em>τὸν</em></span> <span class='ocrx_word' id='word_1_174' title='bbox 139 1706 225 1760; x_wconf 81' lang='grc' dir='ltr'>ὑπὲρ</span> <span class='ocrx_word' id='word_1_175' title='bbox 244 1709 304 1745; x_wconf 80' lang='grc' dir='ltr'><em>τοῦ</em></span> <span class='ocrx_word' id='word_1_176' title='bbox 324 1705 410 1760; x_wconf 83' lang='grc' dir='ltr'>πρὸς</span> <span class='ocrx_word' id='word_1_177' title='bbox 429 1704 570 1759; x_wconf 81' lang='grc' dir='ltr'>Πέρσας</span> <span class='ocrx_word' id='word_1_178' title='bbox 587 1706 743 1757; x_wconf 86' lang='grc' dir='ltr'>πολέμου</span> <span class='ocrx_word' id='word_1_179' title='bbox 762 1706 1009 1758; x_wconf 85' lang='grc' dir='ltr'>Πανηγυρικὸν</span> <span class='ocrx_word' id='word_1_180' title='bbox 1026 1706 1090 1746; x_wconf 87' lang='grc' dir='ltr'><em>λό-</em></span> 
     </span>
     <span class='ocr_line' id='line_1_26' title="bbox 60 1764 1092 1819; baseline 0.001 -15"><span class='ocrx_word' id='word_1_181' title='bbox 60 1780 120 1819; x_wconf 89' lang='grc' dir='ltr'><em>γον</em></span> <span class='ocrx_word' id='word_1_182' title='bbox 140 1765 343 1819; x_wconf 80' lang='grc' dir='ltr'>Ἰσοκράτης</span> <span class='ocrx_word' id='word_1_183' title='bbox 363 1764 525 1818; x_wconf 79' lang='grc' dir='ltr'>ἔγραψεν.</span> <span class='ocrx_word' id='word_1_184' title='bbox 557 1764 760 1816; x_wconf 85' lang='grc' dir='ltr'>Θαυμαστή</span> <span class='ocrx_word' id='word_1_185' title='bbox 779 1781 819 1817; x_wconf 90' lang='grc' dir='ltr'><em>γε</em></span> <span class='ocrx_word' id='word_1_186' title='bbox 837 1770 899 1804; x_wconf 80' lang='grc' dir='ltr'><em>τοῦ</em></span> <span class='ocrx_word' id='word_1_187' title='bbox 929 1765 1092 1805; x_wconf 85' lang='grc' dir='ltr'>Μακεδό-</span> 
     </span>
     <span class='ocr_line' id='line_1_27' title="bbox 63 1819 1092 1880; baseline 0.002 -17"><span class='ocrx_word' id='word_1_188' title='bbox 63 1839 121 1868; x_wconf 94' lang='grc' dir='ltr'><em>νος</em></span> <span class='ocrx_word' id='word_1_189' title='bbox 141 1828 164 1872; x_wconf 84' lang='grc' dir='ltr'>ἡ</span> <span class='ocrx_word' id='word_1_190' title='bbox 193 1824 279 1879; x_wconf 83' lang='grc' dir='ltr'>πρὸς</span> <span class='ocrx_word' id='word_1_191' title='bbox 297 1824 356 1863; x_wconf 84' lang='grc' dir='ltr'><em>τὸν</em></span> <span class='ocrx_word' id='word_1_192' title='bbox 377 1823 545 1879; x_wconf 82' lang='grc' dir='ltr'>σοφιστὴν</span> <span class='ocrx_word' id='word_1_193' title='bbox 573 1823 764 1878; x_wconf 83' lang='grc' dir='ltr'>σύγκρισις.</span> <span class='ocrx_word' id='word_1_194' title='bbox 798 1827 913 1872; x_wconf 70' lang='grc' dir='ltr'>Δῆλον</span> <span class='ocrx_word' id='word_1_195' title='bbox 947 1819 1092 1880; x_wconf 79' lang='grc' dir='ltr'>γὰρ,ω</span> 
     </span>
     <span class='ocr_line' id='line_1_28' title="bbox 62 1882 1095 1935; baseline 0.001 -12"><span class='ocrx_word' id='word_1_196' title='bbox 62 1882 213 1935; x_wconf 82' lang='grc' dir='ltr'>Τίμαιε,</span> <span class='ocrx_word' id='word_1_197' title='bbox 232 1885 278 1928; x_wconf 78' lang='grc' dir='ltr'><em>ὣς</em></span> <span class='ocrx_word' id='word_1_198' title='bbox 297 1886 328 1922; x_wconf 79' lang='grc' dir='ltr'>οἱ</span> <span class='ocrx_word' id='word_1_199' title='bbox 341 1882 614 1935; x_wconf 88' lang='grc' dir='ltr'>Λακεδαιμόνιοι</span> <span class='ocrx_word' id='word_1_200' title='bbox 634 1882 691 1922; x_wconf 81' lang='grc' dir='ltr'>διὸ.</span> <span class='ocrx_word' id='word_1_201' title='bbox 706 1888 808 1923; x_wconf 79' lang='grc' dir='ltr'>τοῦτο</span> <span class='ocrx_word' id='word_1_202' title='bbox 821 1884 910 1924; x_wconf 76' lang='grc' dir='ltr'>πολὺ</span> <span class='ocrx_word' id='word_1_203' title='bbox 927 1889 988 1924; x_wconf 85' lang='grc' dir='ltr'><em>τοῦ</em></span> <span class='ocrx_word' id='word_1_204' title='bbox 1006 1886 1095 1924; x_wconf 87' lang='grc' dir='ltr'>Ἰσο-</span> 
     </span>
     <span class='ocr_line' id='line_1_29' title="bbox 64 1942 1095 1998; baseline 0.003 -18"><span class='ocrx_word' id='word_1_205' title='bbox 64 1942 212 1996; x_wconf 82' lang='grc' dir='ltr'>κράτους</span> <span class='ocrx_word' id='word_1_206' title='bbox 231 1942 309 1981; x_wconf 87' lang='grc' dir='ltr'>κατ’</span> <span class='ocrx_word' id='word_1_207' title='bbox 325 1942 484 1997; x_wconf 85' lang='grc' dir='ltr'>ἀνδρείαν</span> <span class='ocrx_word' id='word_1_208' title='bbox 502 1942 693 1991; x_wconf 81' lang='grc' dir='ltr'>ἐλείποντο,</span> <span class='ocrx_word' id='word_1_209' title='bbox 714 1942 836 1989; x_wconf 78' lang='grc' dir='ltr'>ἐπειδὴ</span> <span class='ocrx_word' id='word_1_210' title='bbox 864 1945 896 1981; x_wconf 84' lang='grc' dir='ltr'>οἱ</span> <span class='ocrx_word' id='word_1_211' title='bbox 917 1942 979 1996; x_wconf 85' lang='grc' dir='ltr'><em>μὲν</em></span> <span class='ocrx_word' id='word_1_212' title='bbox 997 1943 1095 1998; x_wconf 87' lang='grc' dir='ltr'>τριά-</span> 
     </span>
     <span class='ocr_line' id='line_1_30' title="bbox 64 2000 1096 2056; baseline 0.002 -17"><span class='ocrx_word' id='word_1_213' title='bbox 64 2015 170 2040; x_wconf 83' lang='grc' dir='ltr'>κοντα</span> <span class='ocrx_word' id='word_1_214' title='bbox 196 2000 288 2040; x_wconf 87' lang='grc' dir='ltr'>ἔτεσι</span> <span class='ocrx_word' id='word_1_215' title='bbox 307 2001 498 2049; x_wconf 81' lang='grc' dir='ltr'>Μεσσήνην</span> <span class='ocrx_word' id='word_1_216' title='bbox 517 2002 731 2055; x_wconf 73' lang='grc' dir='ltr'>παρέλαὸον,</span> <span class='ocrx_word' id='word_1_217' title='bbox 752 2005 769 2041; x_wconf 82' lang='grc' dir='ltr'>ὁ</span> <span class='ocrx_word' id='word_1_218' title='bbox 787 2001 820 2040; x_wconf 76' lang='grc' dir='ltr'><em>δὲ</em></span> <span class='ocrx_word' id='word_1_219' title='bbox 848 2002 906 2041; x_wconf 85' lang='grc' dir='ltr'><em>τὸν</em></span> <span class='ocrx_word' id='word_1_220' title='bbox 928 2005 1096 2056; x_wconf 89' lang='grc' dir='ltr'>Πανηγυ-</span> 
     </span>
     <span class='ocr_line' id='line_1_31' title="bbox 67 2059 694 2114; baseline 0.003 -16"><span class='ocrx_word' id='word_1_221' title='bbox 67 2059 160 2114; x_wconf 72' lang='grc' dir='ltr'>ρικὸν</span> <span class='ocrx_word' id='word_1_222' title='bbox 181 2061 216 2098; x_wconf 81' lang='grc' dir='ltr'><em>ἐν</em></span> <span class='ocrx_word' id='word_1_223' title='bbox 241 2059 359 2112; x_wconf 85' lang='grc' dir='ltr'>μόνοις</span> <span class='ocrx_word' id='word_1_224' title='bbox 374 2060 458 2099; x_wconf 85' lang='grc' dir='ltr'>δέκα</span> <span class='ocrx_word' id='word_1_225' title='bbox 473 2061 694 2107; x_wconf 82' lang='grc' dir='ltr'>συνετάξατο.</span> 
     </span>
    </p>
   </div>
   <div class='ocr_carea' id='block_1_6' title="bbox 45 2171 1114 3126">
    <p class='ocr_par' dir='ltr' id='par_1_6' title="bbox 70 2171 1107 2638">
     <span class='ocr_line' id='line_1_32' title="bbox 73 2171 1103 2214; baseline 0.003 -11"><span class='ocrx_word' id='word_1_226' title='bbox 73 2171 161 2212; x_wconf 89' lang='lat' dir='ltr'><em>quod</em></span> <span class='ocrx_word' id='word_1_227' title='bbox 182 2171 264 2203; x_wconf 84' lang='lat' dir='ltr'><em>alius</em></span> <span class='ocrx_word' id='word_1_228' title='bbox 291 2171 408 2204; x_wconf 90' lang='lat' dir='ltr'><em>deinde</em></span> <span class='ocrx_word' id='word_1_229' title='bbox 428 2173 533 2213; x_wconf 84' lang='lat' dir='ltr'><em>majus</em></span> <span class='ocrx_word' id='word_1_230' title='bbox 556 2172 641 2204; x_wconf 87' lang='lat' dir='ltr'><em>secit.</em></span> <span class='ocrx_word' id='word_1_231' title='bbox 659 2173 754 2210; x_wconf 89' lang='lat' dir='ltr'><em>Quod</em></span> <span class='ocrx_word' id='word_1_232' title='bbox 769 2182 872 2214; x_wconf 90' lang='lat' dir='ltr'><em>quum</em></span> <span class='ocrx_word' id='word_1_233' title='bbox 893 2175 1103 2206; x_wconf 87' lang='lat' dir='ltr'><em>Herostratus</em></span> 
     </span>
     <span class='ocr_line' id='line_1_33' title="bbox 75 2217 1101 2261; baseline 0.003 -12"><span class='ocrx_word' id='word_1_234' title='bbox 75 2217 207 2258; x_wconf 85' lang='lat' dir='ltr'><em>quidam</em></span> <span class='ocrx_word' id='word_1_235' title='bbox 228 2218 480 2259; x_wconf 82' lang='lat' dir='ltr'><em>combussisset,</em></span> <span class='ocrx_word' id='word_1_236' title='bbox 505 2219 593 2251; x_wconf 90' lang='lat' dir='ltr'><em>aliud</em></span> <span class='ocrx_word' id='word_1_237' title='bbox 618 2220 825 2261; x_wconf 74' lang='lat' dir='ltr'><em>praestantius</em></span> <span class='ocrx_word' id='word_1_238' title='bbox 851 2223 1101 2261; x_wconf 86' lang='lat' dir='ltr'><em>exstruxerunt,</em></span> 
     </span>
     <span class='ocr_line' id='line_1_34' title="bbox 75 2265 1102 2310; baseline 0.004 -14"><span class='ocrx_word' id='word_1_239' title='bbox 75 2265 199 2297; x_wconf 84' lang='lat' dir='ltr'><em>collatis</em></span> <span class='ocrx_word' id='word_1_240' title='bbox 214 2265 254 2297; x_wconf 91' lang='lat' dir='ltr'><em>ad</em></span> <span class='ocrx_word' id='word_1_241' title='bbox 274 2265 335 2298; x_wconf 88' lang='lat' dir='ltr'><em>hoc</em></span> <span class='ocrx_word' id='word_1_242' title='bbox 347 2266 470 2298; x_wconf 86' lang='lat' dir='ltr'><em>mundo</em></span> <span class='ocrx_word' id='word_1_243' title='bbox 484 2267 634 2299; x_wconf 83' lang='lat' dir='ltr'><em>muliebri</em></span> <span class='ocrx_word' id='word_1_244' title='bbox 650 2271 682 2299; x_wconf 89' lang='lat' dir='ltr'><em>et</em></span> <span class='ocrx_word' id='word_1_245' title='bbox 699 2267 766 2299; x_wconf 90' lang='lat' dir='ltr'><em>suis</em></span> <span class='ocrx_word' id='word_1_246' title='bbox 782 2268 1000 2307; x_wconf 82' lang='lat' dir='ltr'><em>facultatibus,</em></span> <span class='ocrx_word' id='word_1_247' title='bbox 1017 2269 1102 2310; x_wconf 89' lang='lat' dir='ltr'><em>prio-</em></span> 
     </span>
     <span class='ocr_line' id='line_1_35' title="bbox 70 2312 1103 2356; baseline 0.003 -12"><span class='ocrx_word' id='word_1_248' title='bbox 70 2312 160 2344; x_wconf 85' lang='lat' dir='ltr'>ribus</span> <span class='ocrx_word' id='word_1_249' title='bbox 175 2312 274 2345; x_wconf 88' lang='lat' dir='ltr'><em>etiam</em></span> <span class='ocrx_word' id='word_1_250' title='bbox 290 2313 449 2345; x_wconf 89' lang='lat' dir='ltr'><em>columnis</em></span> <span class='ocrx_word' id='word_1_251' title='bbox 472 2314 626 2346; x_wconf 84' lang='lat' dir='ltr'><em>venditis.</em></span> <span class='ocrx_word' id='word_1_252' title='bbox 643 2316 817 2347; x_wconf 90' lang='lat' dir='ltr'><em>Testantur</em></span> <span class='ocrx_word' id='word_1_253' title='bbox 841 2315 902 2346; x_wconf 89' lang='lat' dir='ltr'><em>hoc</em></span> <span class='ocrx_word' id='word_1_254' title='bbox 914 2339 923 2355; x_wconf 89' lang='lat'><em>,</em></span> <span class='ocrx_word' id='word_1_255' title='bbox 938 2324 1013 2356; x_wconf 82' lang='lat' dir='ltr'><em>quae</em></span> <span class='ocrx_word' id='word_1_256' title='bbox 1032 2318 1103 2347; x_wconf 90' lang='lat' dir='ltr'><em>tum</em></span> 
     </span>
     <span class='ocr_line' id='line_1_36' title="bbox 73 2359 1105 2401; baseline 0.003 -10"><span class='ocrx_word' id='word_1_257' title='bbox 73 2359 157 2391; x_wconf 78' lang='lat' dir='ltr'><em>facta</em></span> <span class='ocrx_word' id='word_1_258' title='bbox 171 2363 265 2394; x_wconf 86' lang='lat' dir='ltr'><em>sunt,</em></span> <span class='ocrx_word' id='word_1_259' title='bbox 291 2360 419 2392; x_wconf 89' lang='lat' dir='ltr'><em>decreta</em></span> <span class='ocrx_word' id='word_1_260' title='bbox 442 2371 450 2392; x_wconf 90' lang='lat'><strong>:</strong></span> <span class='ocrx_word' id='word_1_261' title='bbox 476 2369 550 2401; x_wconf 84' lang='lat' dir='ltr'><em>quae</em></span> <span class='ocrx_word' id='word_1_262' title='bbox 578 2361 779 2401; x_wconf 79' lang='lat' dir='ltr'><strong>ignorantem</strong></span> <span class='ocrx_word' id='word_1_263' title='bbox 804 2361 849 2393; x_wconf 88' lang='lat' dir='ltr'><em>ait</em></span> <span class='ocrx_word' id='word_1_264' title='bbox 881 2362 1105 2394; x_wconf 74' lang='lat' dir='ltr'><em>Artemidorus</em></span> 
     </span>
     <span class='ocr_line' id='line_1_37' title="bbox 73 2407 1106 2450; baseline 0.002 -10"><span class='ocrx_word' id='word_1_265' title='bbox 73 2407 235 2440; x_wconf 65' lang='lat' dir='ltr'><em>Timaeum</em></span> <span class='ocrx_word' id='word_1_266' title='bbox 257 2408 542 2448; x_wconf 86' lang='lat' dir='ltr'><em>Tauromenitam,</em></span> <span class='ocrx_word' id='word_1_267' title='bbox 571 2408 736 2440; x_wconf 83' lang='lat' dir='ltr'><em>hominem</em></span> <span class='ocrx_word' id='word_1_268' title='bbox 757 2408 877 2450; x_wconf 82' lang='lat' dir='ltr'><strong>alioqui</strong></span> <span class='ocrx_word' id='word_1_269' title='bbox 899 2409 1050 2442; x_wconf 83' lang='lat' dir='ltr'><em>invidum</em></span> <span class='ocrx_word' id='word_1_270' title='bbox 1074 2412 1106 2442; x_wconf 90' lang='lat' dir='ltr'><em>et</em></span> 
     </span>
     <span class='ocr_line' id='line_1_38' title="bbox 72 2453 1107 2496; baseline 0.004 -12"><span class='ocrx_word' id='word_1_271' title='bbox 72 2453 354 2495; x_wconf 71' lang='lat' dir='ltr'><strong>calumniatorem,</strong></span> <span class='ocrx_word' id='word_1_272' title='bbox 372 2463 410 2486; x_wconf 86' lang='lat' dir='ltr'><em>ac</em></span> <span class='ocrx_word' id='word_1_273' title='bbox 421 2455 474 2486; x_wconf 91' lang='lat' dir='ltr'><em>cui</em></span> <span class='ocrx_word' id='word_1_274' title='bbox 490 2457 660 2496; x_wconf 86' lang='lat' dir='ltr'><em>propterea</em></span> <span class='ocrx_word' id='word_1_275' title='bbox 674 2464 792 2487; x_wconf 92' lang='lat' dir='ltr'><em>nomen</em></span> <span class='ocrx_word' id='word_1_276' title='bbox 807 2455 982 2496; x_wconf 86' lang='lat' dir='ltr'><em>Epitimaei,</em></span> <span class='ocrx_word' id='word_1_277' title='bbox 999 2455 1038 2488; x_wconf 75' lang='lat' dir='ltr'><em>id</em></span> <span class='ocrx_word' id='word_1_278' title='bbox 1053 2458 1107 2488; x_wconf 79' lang='lat' dir='ltr'><em>est</em></span> 
     </span>
     <span class='ocr_line' id='line_1_39' title="bbox 73 2500 1107 2544; baseline 0.003 -12"><span class='ocrx_word' id='word_1_279' title='bbox 73 2500 351 2541; x_wconf 78' lang='lat' dir='ltr'><em>reprehensoris,</em></span> <span class='ocrx_word' id='word_1_280' title='bbox 375 2501 487 2534; x_wconf 85' lang='lat' dir='ltr'><em>datum</em></span> <span class='ocrx_word' id='word_1_281' title='bbox 504 2502 564 2542; x_wconf 91' lang='lat' dir='ltr'><em>sit,</em></span> <span class='ocrx_word' id='word_1_282' title='bbox 578 2503 765 2543; x_wconf 81' lang='lat' dir='ltr'><em>scripsisse,</em></span> <span class='ocrx_word' id='word_1_283' title='bbox 782 2502 815 2534; x_wconf 93' lang='lat' dir='ltr'><em>id</em></span> <span class='ocrx_word' id='word_1_284' title='bbox 835 2503 997 2544; x_wconf 86' lang='lat' dir='ltr'><em>templum</em></span> <span class='ocrx_word' id='word_1_285' title='bbox 1012 2512 1069 2535; x_wconf 91' lang='lat' dir='ltr'><em>eos</em></span> <span class='ocrx_word' id='word_1_286' title='bbox 1088 2512 1107 2535; x_wconf 93' lang='lat' dir='ltr'><em>e</em></span> 
     </span>
     <span class='ocr_line' id='line_1_40' title="bbox 75 2546 1104 2590; baseline 0.002 -11"><span class='ocrx_word' id='word_1_287' title='bbox 75 2546 230 2588; x_wconf 87' lang='lat' dir='ltr'><em>depositis</em></span> <span class='ocrx_word' id='word_1_288' title='bbox 254 2549 426 2580; x_wconf 81' lang='lat' dir='ltr'><em>Persarum</em></span> <span class='ocrx_word' id='word_1_289' title='bbox 456 2549 652 2581; x_wconf 81' lang='lat' dir='ltr'><em>condidisse.</em></span> <span class='ocrx_word' id='word_1_290' title='bbox 674 2548 772 2590; x_wconf 78' lang='lat' dir='ltr'><em>Atqui</em></span> <span class='ocrx_word' id='word_1_291' title='bbox 800 2557 906 2590; x_wconf 89' lang='lat' dir='ltr'><em>neque</em></span> <span class='ocrx_word' id='word_1_292' title='bbox 940 2549 1006 2581; x_wconf 88' lang='lat' dir='ltr'><em>ulla</em></span> <span class='ocrx_word' id='word_1_293' title='bbox 1033 2551 1104 2582; x_wconf 90' lang='lat' dir='ltr'><em>tum</em></span> 
     </span>
     <span class='ocr_line' id='line_1_41' title="bbox 76 2593 1104 2638; baseline 0.002 -12"><span class='ocrx_word' id='word_1_294' title='bbox 76 2593 176 2627; x_wconf 80' lang='lat' dir='ltr'><em>fuisse</em></span> <span class='ocrx_word' id='word_1_295' title='bbox 186 2594 342 2636; x_wconf 87' lang='lat' dir='ltr'><em>deposita,</em></span> <span class='ocrx_word' id='word_1_296' title='bbox 351 2598 385 2628; x_wconf 87' lang='lat' dir='ltr'><em>et</em></span> <span class='ocrx_word' id='word_1_297' title='bbox 393 2596 419 2628; x_wconf 88' lang='lat' dir='ltr'><em>si</em></span> <span class='ocrx_word' id='word_1_298' title='bbox 430 2605 494 2637; x_wconf 87' lang='lat' dir='ltr'><em>qua</em></span> <span class='ocrx_word' id='word_1_299' title='bbox 503 2596 654 2636; x_wconf 80' lang='lat' dir='ltr'><em>ruissent,</em></span> <span class='ocrx_word' id='word_1_300' title='bbox 665 2605 741 2630; x_wconf 90' lang='lat' dir='ltr'><em>cum</em></span> <span class='ocrx_word' id='word_1_301' title='bbox 750 2596 869 2638; x_wconf 74' lang='lat' dir='ltr'><em>templo</em></span> <span class='ocrx_word' id='word_1_302' title='bbox 880 2596 1104 2638; x_wconf 80' lang='lat' dir='ltr'><em>conflagrasse.</em></span> 
     </span>
    </p>

    <p class='ocr_par' dir='ltr' id='par_1_7' title="bbox 45 2700 1114 3126">
     <span class='ocr_line' id='line_1_42' title="bbox 117 2700 1108 2743; baseline 0.003 -12"><span class='ocrx_word' id='word_1_303' title='bbox 117 2700 282 2732; x_wconf 83' lang='lat' dir='ltr'><em>Proferam</em></span> <span class='ocrx_word' id='word_1_304' title='bbox 298 2709 376 2733; x_wconf 88' lang='lat' dir='ltr'><em>vero</em></span> <span class='ocrx_word' id='word_1_305' title='bbox 398 2701 511 2734; x_wconf 86' lang='lat' dir='ltr'><em>Timaei</em></span> <span class='ocrx_word' id='word_1_306' title='bbox 539 2711 641 2734; x_wconf 90' lang='lat' dir='ltr'><em>unum</em></span> <span class='ocrx_word' id='word_1_307' title='bbox 667 2706 724 2734; x_wconf 88' lang='lat' dir='ltr'><em>aut</em></span> <span class='ocrx_word' id='word_1_308' title='bbox 753 2702 818 2735; x_wconf 91' lang='lat' dir='ltr'><em>duo</em></span> <span class='ocrx_word' id='word_1_309' title='bbox 838 2702 1006 2743; x_wconf 83' lang='lat' dir='ltr'><em>exempla,</em></span> <span class='ocrx_word' id='word_1_310' title='bbox 1032 2702 1108 2743; x_wconf 91' lang='lat' dir='ltr'><em>quia</em></span> 
     </span>
     <span class='ocr_line' id='line_1_43' title="bbox 80 2746 1106 2790; baseline 0.001 -11"><span class='ocrx_word' id='word_1_311' title='bbox 80 2746 230 2779; x_wconf 80' lang='lat' dir='ltr'><em>Gaecilius</em></span> <span class='ocrx_word' id='word_1_312' title='bbox 247 2748 398 2789; x_wconf 82' lang='lat' dir='ltr'><em>pleraque</em></span> <span class='ocrx_word' id='word_1_313' title='bbox 420 2749 487 2789; x_wconf 91' lang='lat' dir='ltr'><em>jam</em></span> <span class='ocrx_word' id='word_1_314' title='bbox 509 2749 689 2790; x_wconf 80' lang='lat' dir='ltr'><em>occupavit.</em></span> <span class='ocrx_word' id='word_1_315' title='bbox 714 2750 868 2782; x_wconf 81' lang='lat' dir='ltr'><em>Laudans</em></span> <span class='ocrx_word' id='word_1_316' title='bbox 885 2750 1106 2781; x_wconf 80' lang='lat' dir='ltr'><em>Alexandrum</em></span> 
     </span>
     <span class='ocr_line' id='line_1_44' title="bbox 81 2794 1108 2838; baseline 0.003 -13"><span class='ocrx_word' id='word_1_317' title='bbox 81 2796 246 2834; x_wconf 79' lang='lat' dir='ltr'><em>magnum,</em></span> <span class='ocrx_word' id='word_1_318' title='bbox 263 2794 355 2834; x_wconf 90' lang='lat' dir='ltr'><em>dicit,</em></span> <span class='ocrx_word' id='word_1_319' title='bbox 372 2809 387 2822; x_wconf 90' lang='lat'>«</span> <span class='ocrx_word' id='word_1_320' title='bbox 404 2796 461 2837; x_wconf 88' lang='lat' dir='ltr'><em>qui</em></span> <span class='ocrx_word' id='word_1_321' title='bbox 477 2799 579 2829; x_wconf 88' lang='lat' dir='ltr'><em>totam</em></span> <span class='ocrx_word' id='word_1_322' title='bbox 595 2798 705 2830; x_wconf 87' lang='lat' dir='ltr'><em>Asiam</em></span> <span class='ocrx_word' id='word_1_323' title='bbox 722 2797 807 2829; x_wconf 87' lang='lat' dir='ltr'><em>intra</em></span> <span class='ocrx_word' id='word_1_324' title='bbox 822 2797 989 2838; x_wconf 80' lang='lat' dir='ltr'><em>pauciores</em></span> <span class='ocrx_word' id='word_1_325' title='bbox 1005 2805 1108 2828; x_wconf 87' lang='lat' dir='ltr'><em>annos</em></span> 
     </span>
     <span class='ocr_line' id='line_1_45' title="bbox 81 2839 1109 2885; baseline 0.003 -13"><span class='ocrx_word' id='word_1_326' title='bbox 81 2839 227 2882; x_wconf 82' lang='lat' dir='ltr'><em>subegit,</em></span> <span class='ocrx_word' id='word_1_327' title='bbox 251 2851 349 2883; x_wconf 88' lang='lat' dir='ltr'><em>quam</em></span> <span class='ocrx_word' id='word_1_328' title='bbox 366 2844 597 2885; x_wconf 79' lang='lat' dir='ltr'><em>panegyricam</em></span> <span class='ocrx_word' id='word_1_329' title='bbox 628 2844 807 2877; x_wconf 90' lang='lat' dir='ltr'><em>orationem</em></span> <span class='ocrx_word' id='word_1_330' title='bbox 830 2844 872 2877; x_wconf 90' lang='lat' dir='ltr'><em>de</em></span> <span class='ocrx_word' id='word_1_331' title='bbox 893 2843 976 2876; x_wconf 90' lang='lat' dir='ltr'><em>bello</em></span> <span class='ocrx_word' id='word_1_332' title='bbox 998 2847 1109 2876; x_wconf 86' lang='lat' dir='ltr'><em>contra</em></span> 
     </span>
     <span class='ocr_line' id='line_1_46' title="bbox 82 2888 1112 2932; baseline 0.004 -13"><span class='ocrx_word' id='word_1_333' title='bbox 82 2888 196 2920; x_wconf 84' lang='lat' dir='ltr'><em>Persas</em></span> <span class='ocrx_word' id='word_1_334' title='bbox 218 2889 357 2930; x_wconf 86' lang='lat' dir='ltr'><em>gerendo</em></span> <span class='ocrx_word' id='word_1_335' title='bbox 372 2891 532 2923; x_wconf 88' lang='lat' dir='ltr'><em>Isocrates</em></span> <span class='ocrx_word' id='word_1_336' title='bbox 563 2891 767 2932; x_wconf 85' lang='lat' dir='ltr'><em>conscripsit.</em></span> <span class='ocrx_word' id='word_1_337' title='bbox 785 2905 800 2919; x_wconf 90' lang='lat'>»</span> <span class='ocrx_word' id='word_1_338' title='bbox 827 2892 965 2932; x_wconf 84' lang='lat' dir='ltr'><em>Egregia</em></span> <span class='ocrx_word' id='word_1_339' title='bbox 987 2891 1112 2923; x_wconf 85' lang='lat' dir='ltr'><em>scilicet</em></span> 
     </span>
     <span class='ocr_line' id='line_1_47' title="bbox 83 2936 1108 2982; baseline 0.003 -14"><span class='ocrx_word' id='word_1_340' title='bbox 83 2936 269 2969; x_wconf 81' lang='lat' dir='ltr'><em>Macedonis</em></span> <span class='ocrx_word' id='word_1_341' title='bbox 284 2937 372 2970; x_wconf 87' lang='lat' dir='ltr'><em>illius</em></span> <span class='ocrx_word' id='word_1_342' title='bbox 396 2948 471 2971; x_wconf 90' lang='lat' dir='ltr'><em>cum</em></span> <span class='ocrx_word' id='word_1_343' title='bbox 494 2941 638 2982; x_wconf 81' lang='lat' dir='ltr'><em>sophista</em></span> <span class='ocrx_word' id='word_1_344' title='bbox 660 2940 871 2981; x_wconf 85' lang='lat' dir='ltr'><em>comparatio.</em></span> <span class='ocrx_word' id='word_1_345' title='bbox 897 2940 1108 2972; x_wconf 75' lang='lat' dir='ltr'><em>Manifestum</em></span> 
     </span>
     <span class='ocr_line' id='line_1_48' title="bbox 83 2982 1112 3027; baseline 0.004 -14"><span class='ocrx_word' id='word_1_346' title='bbox 83 2983 133 3014; x_wconf 81' lang='lat' dir='ltr'><em>est</em></span> <span class='ocrx_word' id='word_1_347' title='bbox 144 2982 243 3024; x_wconf 90' lang='lat' dir='ltr'><em>enim,</em></span> <span class='ocrx_word' id='word_1_348' title='bbox 257 2993 277 3015; x_wconf 97' lang='lat' dir='ltr'><strong>o</strong></span> <span class='ocrx_word' id='word_1_349' title='bbox 289 2984 419 3025; x_wconf 82' lang='lat' dir='ltr'><em>Timaee,</em></span> <span class='ocrx_word' id='word_1_350' title='bbox 438 2987 526 3027; x_wconf 92' lang='lat' dir='ltr'><em>quod</em></span> <span class='ocrx_word' id='word_1_351' title='bbox 540 2986 804 3020; x_wconf 81' lang='lat' dir='ltr'><em>Lacedaemonios</em></span> <span class='ocrx_word' id='word_1_352' title='bbox 817 2987 879 3018; x_wconf 88' lang='lat' dir='ltr'><em>hoc</em></span> <span class='ocrx_word' id='word_1_353' title='bbox 891 2985 1020 3018; x_wconf 89' lang='lat' dir='ltr'><em>nomine</em></span> <span class='ocrx_word' id='word_1_354' title='bbox 1033 2985 1112 3017; x_wconf 87' lang='lat' dir='ltr'><em>mul-</em></span> 
     </span>
     <span class='ocr_line' id='line_1_49' title="bbox 83 3029 1112 3076; baseline 0.004 -16"><span class='ocrx_word' id='word_1_355' title='bbox 83 3029 155 3061; x_wconf 85' lang='lat' dir='ltr'><em>tum</em></span> <span class='ocrx_word' id='word_1_356' title='bbox 167 3032 323 3063; x_wconf 83' lang='lat' dir='ltr'><em>Isocrates</em></span> <span class='ocrx_word' id='word_1_357' title='bbox 330 3034 519 3067; x_wconf 80' lang='lat' dir='ltr'><em>strenuitate</em></span> <span class='ocrx_word' id='word_1_358' title='bbox 530 3035 744 3076; x_wconf 78' lang='lat' dir='ltr'><em>praecellebat3</em></span> <span class='ocrx_word' id='word_1_359' title='bbox 753 3033 906 3075; x_wconf 86' lang='lat' dir='ltr'><em>quoniam</em></span> <span class='ocrx_word' id='word_1_360' title='bbox 919 3033 965 3065; x_wconf 91' lang='lat' dir='ltr'><em>illi</em></span> <span class='ocrx_word' id='word_1_361' title='bbox 981 3033 1112 3074; x_wconf 83' lang='lat' dir='ltr'><em>quidem</em></span> 
     </span>
     <span class='ocr_line' id='line_1_50' title="bbox 45 3076 1114 3126; baseline -0.006 -7"><span class='ocrx_word' id='word_1_362' title='bbox 45 3123 46 3126; x_wconf 11' lang='grc' dir='ltr'><strong>Ἴ</strong></span> <span class='ocrx_word' id='word_1_363' title='bbox 85 3076 212 3118; x_wconf 71' lang='lat' dir='ltr'><em>tnginta</em></span> <span class='ocrx_word' id='word_1_364' title='bbox 227 3088 328 3113; x_wconf 89' lang='lat' dir='ltr'><em>annos</em></span> <span class='ocrx_word' id='word_1_365' title='bbox 346 3081 380 3113; x_wconf 92' lang='lat' dir='ltr'><em>in</em></span> <span class='ocrx_word' id='word_1_366' title='bbox 395 3084 611 3123; x_wconf 83' lang='lat' dir='ltr'><em>expugnanda</em></span> <span class='ocrx_word' id='word_1_367' title='bbox 627 3085 771 3116; x_wconf 88' lang='lat' dir='ltr'><em>Messene</em></span> <span class='ocrx_word' id='word_1_368' title='bbox 784 3084 1044 3121; x_wconf 85' lang='lat' dir='ltr'><em>consumserunt,</em></span> <span class='ocrx_word' id='word_1_369' title='bbox 1061 3082 1114 3114; x_wconf 89' lang='lat' dir='ltr'><em>hic</em></span> 
     </span>
    </p>
   </div>
   <div class='ocr_carea' id='block_1_7' title="bbox 85 3126 1114 3205">
    <p class='ocr_par' dir='ltr' id='par_1_8' title="bbox 85 3126 1114 3205">
     <span class='ocr_line' id='line_1_51' title="bbox 85 3126 1114 3203; baseline 0.005 -47"><span class='ocrx_word' id='word_1_370' title='bbox 85 3126 193 3203; x_wconf 52' lang='lat' dir='ltr'><em>{utem</em></span> <span class='ocrx_word' id='word_1_371' title='bbox 220 3126 254 3158; x_wconf 89' lang='lat' dir='ltr'><em>in</em></span> <span class='ocrx_word' id='word_1_372' title='bbox 287 3129 482 3170; x_wconf 80' lang='lat' dir='ltr'><em>Panegyrica</em></span> <span class='ocrx_word' id='word_1_373' title='bbox 513 3140 573 3163; x_wconf 90' lang='lat' dir='ltr'><em>sua</em></span> <span class='ocrx_word' id='word_1_374' title='bbox 601 3131 746 3163; x_wconf 85' lang='lat' dir='ltr'><em>oratione</em></span> <span class='ocrx_word' id='word_1_375' title='bbox 774 3129 997 3170; x_wconf 85' lang='lat' dir='ltr'><em>componenda</em></span> <span class='ocrx_word' id='word_1_376' title='bbox 1027 3130 1114 3161; x_wconf 86' lang='lat' dir='ltr'><em>solos</em></span> 
     </span>
     <span class='ocr_line' id='line_1_52' title="bbox 107 3179 206 3205; baseline 0.011 -1"><span class='ocrx_word' id='word_1_377' title='bbox 107 3179 206 3205; x_wconf 78' lang='lat' dir='ltr'><em>ecem.</em></span> 
     </span>
    </p>
   </div>
   <div class='ocr_carea' id='block_1_8' title="bbox 492 3229 703 3244">
    <p class='ocr_par' dir='ltr' id='par_1_9' title="bbox 492 3229 703 3244">
     <span class='ocr_line' id='line_1_53' title="bbox 492 3229 703 3244; baseline 0 -3"><span class='ocrx_word' id='word_1_378' title='bbox 492 3229 703 3244; x_wconf 44' lang='grc' dir='ltr'><em>-οκοῡ-</em></span> 
     </span>
    </p>
   </div>
   <div class='ocr_carea' id='block_1_9' title="bbox 422 3271 779 3311">
    <p class='ocr_par' dir='ltr' id='par_1_10' title="bbox 422 3271 779 3311">
     <span class='ocr_line' id='line_1_54' title="bbox 422 3271 779 3311; baseline -0.003 -2"><span class='ocrx_word' id='word_1_379' title='bbox 422 3271 569 3309; x_wconf 84' lang='lat' dir='ltr'>LIBER</span> <span class='ocrx_word' id='word_1_380' title='bbox 599 3272 779 3311; x_wconf 89' lang='lat' dir='ltr'><strong>XXXIV.</strong></span> 
     </span>
    </p>
   </div>
   <div class='ocr_carea' id='block_1_10' title="bbox 558 3336 643 3369">
    <p class='ocr_par' dir='ltr' id='par_1_11' title="bbox 558 3336 643 3369">
     <span class='ocr_line' id='line_1_55' title="bbox 558 3336 643 3369; baseline -0.012 -1"><span class='ocrx_word' id='word_1_381' title='bbox 558 3336 643 3369; x_wconf 87' lang='grc'><strong>139.</strong></span> 
     </span>
    </p>
   </div>
   <div class='ocr_carea' id='block_1_11' title="bbox 128 3381 1116 3430">
    <p class='ocr_par' dir='ltr' id='par_1_12' title="bbox 128 3381 1116 3430">
     <span class='ocr_line' id='line_1_56' title="bbox 128 3381 1116 3430; baseline 0.004 -14"><span class='ocrx_word' id='word_1_382' title='bbox 128 3381 274 3417; x_wconf 72' lang='lat' dir='ltr'><em>&#39;timeus</em></span> <span class='ocrx_word' id='word_1_383' title='bbox 286 3385 452 3427; x_wconf 80' lang='lat' dir='ltr'><em>trigesimo</em></span> <span class='ocrx_word' id='word_1_384' title='bbox 467 3389 583 3428; x_wconf 78' lang='lat' dir='ltr'><em>quarto</em></span> <span class='ocrx_word' id='word_1_385' title='bbox 605 3387 688 3420; x_wconf 84' lang='lat' dir='ltr'><em>libro</em></span> <span class='ocrx_word' id='word_1_386' title='bbox 703 3388 749 3423; x_wconf 81' lang='lat' dir='ltr'><em>ait</em></span> <span class='ocrx_word' id='word_1_387' title='bbox 767 3399 774 3420; x_wconf 91' lang='lat'><strong>:</strong></span> <span class='ocrx_word' id='word_1_388' title='bbox 796 3402 812 3417; x_wconf 78' lang='grc' dir='ltr'>α</span> <span class='ocrx_word' id='word_1_389' title='bbox 827 3390 937 3427; x_wconf 91' lang='lat' dir='ltr'><em>Quum</em></span> <span class='ocrx_word' id='word_1_390' title='bbox 958 3389 1116 3430; x_wconf 89' lang='lat' dir='ltr'><em>quinqua-</em></span> 
     </span>
    </p>
   </div>
   <div class='ocr_carea' id='block_1_12' title="bbox 2081 171 2154 203">
    <p class='ocr_par' dir='ltr' id='par_1_13' title="bbox 2081 171 2154 203">
     <span class='ocr_line' id='line_1_57' title="bbox 2081 171 2154 203; baseline 0.014 -1"><span class='ocrx_word' id='word_1_391' title='bbox 2081 171 2154 203; x_wconf 81' lang='lat'><em>227</em></span> 
     </span>
    </p>
   </div>
   <div class='ocr_carea' id='block_1_13' title="bbox 1127 365 2171 1154">
    <p class='ocr_par' dir='ltr' id='par_1_14' title="bbox 1127 365 2171 1070">
     <span class='ocr_line' id='line_1_58' title="bbox 1180 365 2159 421; baseline -0.003 -14"><span class='ocrx_word' id='word_1_392' title='bbox 1180 370 1313 420; x_wconf 90' lang='lat' dir='ltr'><strong>Polyb.</strong></span> <span class='ocrx_word' id='word_1_393' title='bbox 1328 372 1420 417; x_wconf 85' lang='lat' dir='ltr'>XII,</span> <span class='ocrx_word' id='word_1_394' title='bbox 1439 372 1503 417; x_wconf 84' lang='lat'><em>25,</em></span> <span class='ocrx_word' id='word_1_395' title='bbox 1520 371 1531 408; x_wconf 90' lang='lat' dir='ltr'><em>i</em></span> <span class='ocrx_word' id='word_1_396' title='bbox 1545 386 1552 407; x_wconf 90' lang='lat'><strong>:</strong></span> <span class='ocrx_word' id='word_1_397' title='bbox 1569 365 1811 420; x_wconf 61' lang='lat' dir='ltr'><em>‘&#39;OrtTiuoudq</em></span> <span class='ocrx_word' id='word_1_398' title='bbox 1828 382 1933 421; x_wconf 79' lang='grc' dir='ltr'>φησιν</span> <span class='ocrx_word' id='word_1_399' title='bbox 1951 369 1986 405; x_wconf 85' lang='grc' dir='ltr'><em>ἐν</em></span> <span class='ocrx_word' id='word_1_400' title='bbox 2000 369 2044 419; x_wconf 81' lang='grc' dir='ltr'><em>τῇ</em></span> <span class='ocrx_word' id='word_1_401' title='bbox 2060 381 2159 419; x_wconf 87' lang='grc' dir='ltr'>τρια-</span> 
     </span>
     <span class='ocr_line' id='line_1_59' title="bbox 1127 423 2158 481; baseline -0.004 -15"><span class='ocrx_word' id='word_1_402' title='bbox 1127 431 1236 480; x_wconf 81' lang='grc' dir='ltr'>κοστῇ</span> <span class='ocrx_word' id='word_1_403' title='bbox 1261 428 1321 466; x_wconf 88' lang='grc' dir='ltr'><em>καὶ</em></span> <span class='ocrx_word' id='word_1_404' title='bbox 1338 428 1488 481; x_wconf 87' lang='grc' dir='ltr'>τετάρτῃ</span> <span class='ocrx_word' id='word_1_405' title='bbox 1506 428 1635 481; x_wconf 69' lang='grc' dir='ltr'>βίὸλῳ·</span> <span class='ocrx_word' id='word_1_406' title='bbox 1654 425 1906 474; x_wconf 77' lang='grc' dir='ltr'>«Πεντήκοντα</span> <span class='ocrx_word' id='word_1_407' title='bbox 1922 427 2077 478; x_wconf 86' lang='grc' dir='ltr'>συνεχῶς</span> <span class='ocrx_word' id='word_1_408' title='bbox 2097 423 2158 471; x_wconf 84' lang='grc' dir='ltr'><em>ἔτη</em></span> 
     </span>
     <span class='ocr_line' id='line_1_60' title="bbox 1130 483 2159 538; baseline -0.003 -15"><span class='ocrx_word' id='word_1_409' title='bbox 1130 485 1311 538; x_wconf 80' lang='grc' dir='ltr'>διατρίψας</span> <span class='ocrx_word' id='word_1_410' title='bbox 1332 486 1496 533; x_wconf 85' lang='grc' dir='ltr'>Ἀθήνησι</span> <span class='ocrx_word' id='word_1_411' title='bbox 1527 485 1718 534; x_wconf 83' lang='grc' dir='ltr'>ξενιτεύων,</span> <span class='ocrx_word' id='word_1_412' title='bbox 1739 484 1798 523; x_wconf 86' lang='grc' dir='ltr'><em>καὶ</em></span> <span class='ocrx_word' id='word_1_413' title='bbox 1820 483 1939 531; x_wconf 86' lang='grc' dir='ltr'>πάσης</span> <span class='ocrx_word' id='word_1_414' title='bbox 1961 485 2159 535; x_wconf 85' lang='grc' dir='ltr'>ὁμολογου-</span> 
     </span>
     <span class='ocr_line' id='line_1_61' title="bbox 1131 539 2159 597; baseline -0.003 -15"><span class='ocrx_word' id='word_1_415' title='bbox 1131 544 1243 596; x_wconf 86' lang='grc' dir='ltr'>μένως</span> <span class='ocrx_word' id='word_1_416' title='bbox 1266 543 1406 597; x_wconf 76' lang='grc' dir='ltr'>ἄπειρος</span> <span class='ocrx_word' id='word_1_417' title='bbox 1433 545 1601 596; x_wconf 80' lang='grc' dir='ltr'>ἐγενόμην</span> <span class='ocrx_word' id='word_1_418' title='bbox 1622 546 1817 596; x_wconf 72' lang='grc' dir='ltr'>πολεμικῆς</span> <span class='ocrx_word' id='word_1_419' title='bbox 1849 542 2013 597; x_wconf 83' lang='grc' dir='ltr'>χρείας,»</span> <span class='ocrx_word' id='word_1_420' title='bbox 2036 541 2096 581; x_wconf 71' lang='grc' dir='ltr'><em>καὶ</em></span> <span class='ocrx_word' id='word_1_421' title='bbox 2117 539 2159 588; x_wconf 81' lang='grc' dir='ltr'><em>δὴ</em></span> 
     </span>
     <span class='ocr_line' id='line_1_62' title="bbox 1130 602 2162 650; baseline -0.004 -8"><span class='ocrx_word' id='word_1_422' title='bbox 1130 604 1190 642; x_wconf 76' lang='grc' dir='ltr'><em>καὶ</em></span> <span class='ocrx_word' id='word_1_423' title='bbox 1219 606 1282 650; x_wconf 87' lang='grc' dir='ltr'><em>τῆς</em></span> <span class='ocrx_word' id='word_1_424' title='bbox 1318 605 1387 641; x_wconf 86' lang='grc' dir='ltr'><em>τῶν</em></span> <span class='ocrx_word' id='word_1_425' title='bbox 1425 602 1541 642; x_wconf 86' lang='grc' dir='ltr'>τόπων</span> <span class='ocrx_word' id='word_1_426' title='bbox 1577 603 1666 647; x_wconf 82' lang='grc' dir='ltr'>θέας.</span> <span class='ocrx_word' id='word_1_427' title='bbox 1703 602 1835 642; x_wconf 78' lang='grc' dir='ltr'>Λοιπὸν</span> <span class='ocrx_word' id='word_1_428' title='bbox 1859 602 1940 641; x_wconf 83' lang='grc' dir='ltr'>ὅταν</span> <span class='ocrx_word' id='word_1_429' title='bbox 1962 602 2010 646; x_wconf 88' lang='grc' dir='ltr'><em>εἴς</em></span> <span class='ocrx_word' id='word_1_430' title='bbox 2034 617 2068 640; x_wconf 84' lang='grc' dir='ltr'><em>τι</em></span> <span class='ocrx_word' id='word_1_431' title='bbox 2092 602 2162 638; x_wconf 82' lang='grc' dir='ltr'><em>τῶν</em></span> 
     </span>
     <span class='ocr_line' id='line_1_63' title="bbox 1133 658 2162 716; baseline -0.002 -16"><span class='ocrx_word' id='word_1_432' title='bbox 1133 664 1247 716; x_wconf 81' lang='grc' dir='ltr'>μερῶν</span> <span class='ocrx_word' id='word_1_433' title='bbox 1268 661 1397 700; x_wconf 85' lang='grc' dir='ltr'>τούτων</span> <span class='ocrx_word' id='word_1_434' title='bbox 1416 661 1553 715; x_wconf 82' lang='grc' dir='ltr'>ἐμπέσῃ</span> <span class='ocrx_word' id='word_1_435' title='bbox 1574 661 1665 701; x_wconf 83' lang='grc' dir='ltr'>κατὰ</span> <span class='ocrx_word' id='word_1_436' title='bbox 1684 661 1745 709; x_wconf 81' lang='grc' dir='ltr'><em>τὴν</em></span> <span class='ocrx_word' id='word_1_437' title='bbox 1766 661 1937 713; x_wconf 82' lang='grc' dir='ltr'>ἱστορίαν,</span> <span class='ocrx_word' id='word_1_438' title='bbox 1968 658 2081 699; x_wconf 85' lang='grc' dir='ltr'>πολλὰ</span> <span class='ocrx_word' id='word_1_439' title='bbox 2100 658 2162 711; x_wconf 85' lang='grc' dir='ltr'><em>μὲν</em></span> 
     </span>
     <span class='ocr_line' id='line_1_64' title="bbox 1133 719 2165 773; baseline -0.002 -14"><span class='ocrx_word' id='word_1_440' title='bbox 1133 723 1250 773; x_wconf 86' lang='grc' dir='ltr'>ἀγνοεῖ</span> <span class='ocrx_word' id='word_1_441' title='bbox 1269 720 1330 759; x_wconf 81' lang='grc' dir='ltr'><em>καὶ</em></span> <span class='ocrx_word' id='word_1_442' title='bbox 1347 719 1532 773; x_wconf 78' lang='grc' dir='ltr'>ψεύδεται·</span> <span class='ocrx_word' id='word_1_443' title='bbox 1550 720 1613 759; x_wconf 82' lang='grc' dir='ltr'><em>κᾶν</em></span> <span class='ocrx_word' id='word_1_444' title='bbox 1633 736 1719 759; x_wconf 89' lang='grc' dir='ltr'>ποτε</span> <span class='ocrx_word' id='word_1_445' title='bbox 1745 719 1780 759; x_wconf 84' lang='grc' dir='ltr'><em>δὲ</em></span> <span class='ocrx_word' id='word_1_446' title='bbox 1812 723 1874 767; x_wconf 92' lang='grc' dir='ltr'><em>τῆς</em></span> <span class='ocrx_word' id='word_1_447' title='bbox 1902 719 2066 767; x_wconf 85' lang='grc' dir='ltr'>ἀληθείας</span> <span class='ocrx_word' id='word_1_448' title='bbox 2086 720 2165 757; x_wconf 84' lang='grc' dir='ltr'>ἐπι-</span> 
     </span>
     <span class='ocr_line' id='line_1_65' title="bbox 1133 777 2165 834; baseline -0.004 -15"><span class='ocrx_word' id='word_1_449' title='bbox 1133 779 1252 834; x_wconf 79' lang='grc' dir='ltr'>ψαύσῃ</span> <span class='ocrx_word' id='word_1_450' title='bbox 1268 811 1278 829; x_wconf 91' lang='grc'>,</span> <span class='ocrx_word' id='word_1_451' title='bbox 1310 777 1558 833; x_wconf 88' lang='grc' dir='ltr'>παραπλήσιός</span> <span class='ocrx_word' id='word_1_452' title='bbox 1584 781 1658 817; x_wconf 80' lang='grc' dir='ltr'>ἐστι</span> <span class='ocrx_word' id='word_1_453' title='bbox 1686 779 1879 833; x_wconf 79' lang='grc' dir='ltr'>ζωγράφοις</span> <span class='ocrx_word' id='word_1_454' title='bbox 1902 785 1973 823; x_wconf 87' lang='grc' dir='ltr'>τοῖς</span> <span class='ocrx_word' id='word_1_455' title='bbox 2005 778 2075 817; x_wconf 87' lang='grc' dir='ltr'>ἀπὸ</span> <span class='ocrx_word' id='word_1_456' title='bbox 2095 780 2165 816; x_wconf 82' lang='grc' dir='ltr'><em>τῶν</em></span> 
     </span>
     <span class='ocr_line' id='line_1_66' title="bbox 1135 837 2163 891; baseline -0.001 -14"><span class='ocrx_word' id='word_1_457' title='bbox 1135 838 1463 891; x_wconf 79' lang='grc' dir='ltr'>ἀνα[σεσα]γμένων</span> <span class='ocrx_word' id='word_1_458' title='bbox 1482 840 1617 876; x_wconf 79' lang='grc' dir='ltr'>σκυτῶν</span> <span class='ocrx_word' id='word_1_459' title='bbox 1633 837 1851 889; x_wconf 84' lang='grc' dir='ltr'>ποιουμένοις</span> <span class='ocrx_word' id='word_1_460' title='bbox 1866 837 1929 881; x_wconf 82' lang='grc' dir='ltr'><em>τὰς</em></span> <span class='ocrx_word' id='word_1_461' title='bbox 1948 837 2163 891; x_wconf 78' lang='grc' dir='ltr'>ἀπογραφάς·</span> 
     </span>
     <span class='ocr_line' id='line_1_67' title="bbox 1134 894 2163 952; baseline -0.002 -16"><span class='ocrx_word' id='word_1_462' title='bbox 1134 898 1193 936; x_wconf 84' lang='grc' dir='ltr'><em>καὶ</em></span> <span class='ocrx_word' id='word_1_463' title='bbox 1231 897 1299 952; x_wconf 83' lang='grc' dir='ltr'><em>γὰρ</em></span> <span class='ocrx_word' id='word_1_464' title='bbox 1339 898 1394 935; x_wconf 82' lang='grc' dir='ltr'>ἐπ’</span> <span class='ocrx_word' id='word_1_465' title='bbox 1424 896 1563 935; x_wconf 84' lang='grc' dir='ltr'>ἐκείνων</span> <span class='ocrx_word' id='word_1_466' title='bbox 1601 900 1623 943; x_wconf 85' lang='grc' dir='ltr'>ἡ</span> <span class='ocrx_word' id='word_1_467' title='bbox 1662 896 1725 947; x_wconf 82' lang='grc' dir='ltr'><em>μὲν</em></span> <span class='ocrx_word' id='word_1_468' title='bbox 1756 897 1853 940; x_wconf 82' lang='grc' dir='ltr'>ἐκτὸς</span> <span class='ocrx_word' id='word_1_469' title='bbox 1877 896 1988 935; x_wconf 82' lang='grc' dir='ltr'>ἐνίοτε</span> <span class='ocrx_word' id='word_1_470' title='bbox 2013 894 2163 950; x_wconf 85' lang='grc' dir='ltr'>γραμμὴ</span> 
     </span>
     <span class='ocr_line' id='line_1_68' title="bbox 1140 955 2166 1009; baseline -0.002 -14"><span class='ocrx_word' id='word_1_471' title='bbox 1140 956 1312 1006; x_wconf 86' lang='grc' dir='ltr'>σώζεται,</span> <span class='ocrx_word' id='word_1_472' title='bbox 1329 956 1368 994; x_wconf 84' lang='grc' dir='ltr'><em>τὸ</em></span> <span class='ocrx_word' id='word_1_473' title='bbox 1390 956 1425 994; x_wconf 83' lang='grc' dir='ltr'><em>δὲ</em></span> <span class='ocrx_word' id='word_1_474' title='bbox 1449 959 1510 1003; x_wconf 88' lang='grc' dir='ltr'><em>τῆς</em></span> <span class='ocrx_word' id='word_1_475' title='bbox 1534 955 1719 1009; x_wconf 82' lang='grc' dir='ltr'>ἐμφάσεως</span> <span class='ocrx_word' id='word_1_476' title='bbox 1739 955 1798 993; x_wconf 76' lang='grc' dir='ltr'><em>καὶ</em></span> <span class='ocrx_word' id='word_1_477' title='bbox 1815 958 1876 1002; x_wconf 89' lang='grc' dir='ltr'><em>τῆς</em></span> <span class='ocrx_word' id='word_1_478' title='bbox 1892 956 2072 1009; x_wconf 79' lang='grc' dir='ltr'>ἐναργείας</span> <span class='ocrx_word' id='word_1_479' title='bbox 2097 957 2166 993; x_wconf 84' lang='grc' dir='ltr'><em>τῶν</em></span> 
     </span>
     <span class='ocr_line' id='line_1_69' title="bbox 1138 1014 2171 1070; baseline -0.003 -14"><span class='ocrx_word' id='word_1_480' title='bbox 1138 1016 1298 1068; x_wconf 84' lang='grc' dir='ltr'>ἀλκίμων</span> <span class='ocrx_word' id='word_1_481' title='bbox 1320 1014 1418 1070; x_wconf 85' lang='grc' dir='ltr'>ζῴων</span> <span class='ocrx_word' id='word_1_482' title='bbox 1439 1015 1597 1062; x_wconf 86' lang='grc' dir='ltr'>ἀπέστιν,</span> <span class='ocrx_word' id='word_1_483' title='bbox 1622 1015 1706 1069; x_wconf 71' lang='grc' dir='ltr'>ὅπερ</span> <span class='ocrx_word' id='word_1_484' title='bbox 1731 1015 1817 1054; x_wconf 82' lang='grc' dir='ltr'>ἴδιον</span> <span class='ocrx_word' id='word_1_485' title='bbox 1850 1015 2003 1069; x_wconf 79' lang='grc' dir='ltr'>ὑπάρχει</span> <span class='ocrx_word' id='word_1_486' title='bbox 2021 1018 2084 1063; x_wconf 87' lang='grc' dir='ltr'><em>τῆς</em></span> <span class='ocrx_word' id='word_1_487' title='bbox 2105 1017 2171 1060; x_wconf 86' lang='grc' dir='ltr'><em>ζω-</em></span> 
     </span>
    </p>

    <p class='ocr_par' dir='ltr' id='par_1_15' title="bbox 1138 1075 1754 1154">
     <span class='ocr_line' id='line_1_70' title="bbox 1138 1075 1471 1131; baseline -0.003 -15.919"><span class='ocrx_word' id='word_1_488' title='bbox 1138 1079 1309 1131; x_wconf 75' lang='grc' dir='ltr'>γραφικῆς</span> <span class='ocrx_word' id='word_1_489' title='bbox 1333 1075 1471 1128; x_wconf 74' lang='grc' dir='ltr'>τέχνης.</span> 
     </span>
     <span class='ocr_line' id='line_1_71' title="bbox 1570 1139 1754 1154; baseline 0 -3"><span class='ocrx_word' id='word_1_490' title='bbox 1570 1139 1754 1154; x_wconf 40' lang='lat'><em>*000*-</em></span> 
     </span>
    </p>
   </div>
   <div class='ocr_carea' id='block_1_14' title="bbox 1458 1171 1861 1211">
    <p class='ocr_par' dir='ltr' id='par_1_16' title="bbox 1458 1171 1861 1211">
     <span class='ocr_line' id='line_1_72' title="bbox 1458 1171 1861 1211; baseline -0.005 -1"><span class='ocrx_word' id='word_1_491' title='bbox 1458 1172 1507 1211; x_wconf 93' lang='lat' dir='ltr'>LI</span> <span class='ocrx_word' id='word_1_492' title='bbox 1513 1171 1611 1210; x_wconf 88' lang='lat' dir='ltr'><em>BER</em></span> <span class='ocrx_word' id='word_1_493' title='bbox 1645 1171 1861 1209; x_wconf 88' lang='lat' dir='ltr'>XXXVIII.</span> 
     </span>
    </p>
   </div>
   <div class='ocr_carea' id='block_1_15' title="bbox 1617 1235 1704 1272">
    <p class='ocr_par' dir='ltr' id='par_1_17' title="bbox 1617 1235 1704 1272">
     <span class='ocr_line' id='line_1_73' title="bbox 1617 1235 1704 1272; baseline 0.011 -1"><span class='ocrx_word' id='word_1_494' title='bbox 1617 1235 1704 1272; x_wconf 76' lang='lat'><strong>140.</strong></span> 
     </span>
    </p>
   </div>
   <div class='ocr_carea' id='block_1_16' title="bbox 1145 1288 2189 2115">
    <p class='ocr_par' dir='ltr' id='par_1_18' title="bbox 1145 1288 2181 1644">
     <span class='ocr_line' id='line_1_74' title="bbox 1197 1288 2174 1349; baseline -0.003 -15"><span class='ocrx_word' id='word_1_495' title='bbox 1197 1295 1364 1334; x_wconf 80' lang='lat' dir='ltr'><em>Suidas:</em></span> <span class='ocrx_word' id='word_1_496' title='bbox 1387 1288 1435 1349; x_wconf 83' lang='grc' dir='ltr'>ᾩ</span> <span class='ocrx_word' id='word_1_497' title='bbox 1455 1310 1496 1332; x_wconf 88' lang='grc' dir='ltr'><em>το</em></span> <span class='ocrx_word' id='word_1_498' title='bbox 1515 1293 1606 1348; x_wconf 81' lang='grc' dir='ltr'>ἱερὸν</span> <span class='ocrx_word' id='word_1_499' title='bbox 1622 1297 1693 1348; x_wconf 80' lang='grc' dir='ltr'><em>πῦρ</em></span> <span class='ocrx_word' id='word_1_500' title='bbox 1708 1294 1771 1332; x_wconf 80' lang='grc' dir='ltr'><em>οὐκ</em></span> <span class='ocrx_word' id='word_1_501' title='bbox 1784 1293 1896 1339; x_wconf 84' lang='grc' dir='ltr'>ἔξεστι</span> <span class='ocrx_word' id='word_1_502' title='bbox 1917 1296 2084 1347; x_wconf 81' lang='grc' dir='ltr'>φυσῆσαι.</span> <span class='ocrx_word' id='word_1_503' title='bbox 2106 1293 2174 1332; x_wconf 74' lang='lat' dir='ltr'><em>&#39;lt-</em></span> 
     </span>
     <span class='ocr_line' id='line_1_75' title="bbox 1145 1351 2178 1416; baseline -0.003 -24"><span class='ocrx_word' id='word_1_504' title='bbox 1145 1370 1246 1406; x_wconf 92' lang='grc' dir='ltr'>μαιος</span> <span class='ocrx_word' id='word_1_505' title='bbox 1262 1355 1297 1392; x_wconf 83' lang='grc' dir='ltr'><em>ἐν</em></span> <span class='ocrx_word' id='word_1_506' title='bbox 1315 1354 1367 1401; x_wconf 88' lang='grc' dir='ltr'><em>λη’</em></span> <span class='ocrx_word' id='word_1_507' title='bbox 1384 1355 1594 1416; x_wconf 81' lang='grc' dir='ltr'>ιστοριῶν,α</span> <span class='ocrx_word' id='word_1_508' title='bbox 1580 1352 1660 1396; x_wconf 77' lang='grc' dir='ltr'><em>«Ὡς</em></span> <span class='ocrx_word' id='word_1_509' title='bbox 1676 1355 1708 1391; x_wconf 78' lang='grc' dir='ltr'>οἱ</span> <span class='ocrx_word' id='word_1_510' title='bbox 1727 1352 1807 1407; x_wconf 80' lang='grc' dir='ltr'>περὶ</span> <span class='ocrx_word' id='word_1_511' title='bbox 1826 1351 2069 1404; x_wconf 86' lang='grc' dir='ltr'>Δημοκλείδην</span> <span class='ocrx_word' id='word_1_512' title='bbox 2086 1367 2178 1390; x_wconf 85' lang='grc' dir='ltr'>κατα</span> 
     </span>
     <span class='ocr_line' id='line_1_76' title="bbox 1145 1410 2177 1467; baseline -0.004 -14"><span class='ocrx_word' id='word_1_513' title='bbox 1145 1414 1379 1467; x_wconf 85' lang='grc' dir='ltr'>Δημοχάρους</span> <span class='ocrx_word' id='word_1_514' title='bbox 1396 1416 1507 1461; x_wconf 85' lang='grc' dir='ltr'>εἷπον,</span> <span class='ocrx_word' id='word_1_515' title='bbox 1524 1411 1578 1451; x_wconf 78' lang='grc' dir='ltr'><em>ὅτι</em></span> <span class='ocrx_word' id='word_1_516' title='bbox 1597 1411 1692 1465; x_wconf 86' lang='grc' dir='ltr'>μόνῳ</span> <span class='ocrx_word' id='word_1_517' title='bbox 1709 1413 1804 1466; x_wconf 81' lang='grc' dir='ltr'>αυτῷ</span> <span class='ocrx_word' id='word_1_518' title='bbox 1822 1411 1966 1450; x_wconf 87' lang='grc' dir='ltr'>πάντων</span> <span class='ocrx_word' id='word_1_519' title='bbox 1987 1410 2177 1458; x_wconf 84' lang='grc' dir='ltr'>Ἀθηναίων</span> 
     </span>
     <span class='ocr_line' id='line_1_77' title="bbox 1146 1469 2180 1546; baseline -0.003 -35"><span class='ocrx_word' id='word_1_520' title='bbox 1146 1475 1209 1512; x_wconf 79' lang='grc' dir='ltr'><em>οὐκ</em></span> <span class='ocrx_word' id='word_1_521' title='bbox 1231 1472 1343 1517; x_wconf 82' lang='grc' dir='ltr'>ἔξεστι</span> <span class='ocrx_word' id='word_1_522' title='bbox 1359 1471 1399 1511; x_wconf 87' lang='grc' dir='ltr'><em>τὸ</em></span> <span class='ocrx_word' id='word_1_523' title='bbox 1418 1471 1510 1525; x_wconf 80' lang='grc' dir='ltr'>ἱερὸν</span> <span class='ocrx_word' id='word_1_524' title='bbox 1529 1476 1599 1525; x_wconf 79' lang='grc' dir='ltr'><em>πῦρ</em></span> <span class='ocrx_word' id='word_1_525' title='bbox 1617 1474 1791 1525; x_wconf 80' lang='grc' dir='ltr'>φυσῆσαι,</span> <span class='ocrx_word' id='word_1_526' title='bbox 1807 1473 1854 1515; x_wconf 83' lang='grc' dir='ltr'><em>ὡς</em></span> <span class='ocrx_word' id='word_1_527' title='bbox 1882 1470 1931 1546; x_wconf 82' lang='grc' dir='ltr'><em>μὴ</em></span> <span class='ocrx_word' id='word_1_528' title='bbox 1951 1469 2180 1523; x_wconf 83' lang='grc' dir='ltr'>καθαρεύοντι</span> 
     </span>
     <span class='ocr_line' id='line_1_78' title="bbox 1145 1528 2181 1585; baseline -0.005 -14"><span class='ocrx_word' id='word_1_529' title='bbox 1145 1538 1216 1576; x_wconf 82' lang='grc' dir='ltr'>τοῖς</span> <span class='ocrx_word' id='word_1_530' title='bbox 1236 1532 1308 1570; x_wconf 81' lang='grc' dir='ltr'><em>ἄνω</em></span> <span class='ocrx_word' id='word_1_531' title='bbox 1328 1531 1481 1585; x_wconf 85' lang='grc' dir='ltr'>μέρεσιν.</span> <span class='ocrx_word' id='word_1_532' title='bbox 1497 1549 1514 1566; x_wconf 72' lang='grc' dir='ltr'><em>ν</em></span> <span class='ocrx_word' id='word_1_533' title='bbox 1536 1532 1660 1585; x_wconf 79' lang='grc' dir='ltr'>Δοῦρις</span> <span class='ocrx_word' id='word_1_534' title='bbox 1683 1529 1757 1569; x_wconf 80' lang='grc' dir='ltr'><em>δὲ’</em></span> <span class='ocrx_word' id='word_1_535' title='bbox 1742 1546 1777 1569; x_wconf 90' lang='grc' dir='ltr'><em>εν</em></span> <span class='ocrx_word' id='word_1_536' title='bbox 1799 1532 1844 1582; x_wconf 82' lang='grc' dir='ltr'><em>τῆ</em></span> <span class='ocrx_word' id='word_1_537' title='bbox 1875 1531 1907 1579; x_wconf 85' lang='grc' dir='ltr'>ι’,</span> <span class='ocrx_word' id='word_1_538' title='bbox 1926 1530 2066 1569; x_wconf 85' lang='grc' dir='ltr'>Πυθέαν</span> <span class='ocrx_word' id='word_1_539' title='bbox 2091 1528 2181 1567; x_wconf 74' lang='grc' dir='ltr'>κατὰ</span> 
     </span>
     <span class='ocr_line' id='line_1_79' title="bbox 1147 1588 1726 1644; baseline -0.009 -12"><span class='ocrx_word' id='word_1_540' title='bbox 1147 1590 1390 1644; x_wconf 84' lang='grc' dir='ltr'>Δημοσθένους</span> <span class='ocrx_word' id='word_1_541' title='bbox 1409 1590 1449 1629; x_wconf 83' lang='grc' dir='ltr'><em>τὸ</em></span> <span class='ocrx_word' id='word_1_542' title='bbox 1467 1588 1586 1642; x_wconf 76' lang='grc' dir='ltr'>ὅμοιον</span> <span class='ocrx_word' id='word_1_543' title='bbox 1607 1591 1726 1628; x_wconf 82' lang='grc' dir='ltr'>εἰπεῖν.</span> 
     </span>
    </p>

    <p class='ocr_par' dir='ltr' id='par_1_19' title="bbox 1621 1649 1707 1687">
     <span class='ocr_line' id='line_1_80' title="bbox 1621 1649 1707 1687; baseline 0.012 -1"><span class='ocrx_word' id='word_1_544' title='bbox 1621 1649 1707 1687; x_wconf 80' lang='grc'>141.</span> 
     </span>
    </p>

    <p class='ocr_par' dir='ltr' id='par_1_20' title="bbox 1149 1706 2189 2115">
     <span class='ocr_line' id='line_1_81' title="bbox 1203 1706 2182 1760; baseline -0.001 -15"><span class='ocrx_word' id='word_1_545' title='bbox 1203 1708 1387 1759; x_wconf 87' lang='lat' dir='ltr'><em>Polybius</em></span> <span class='ocrx_word' id='word_1_546' title='bbox 1419 1711 1519 1756; x_wconf 89' lang='lat' dir='ltr'>XII,</span> <span class='ocrx_word' id='word_1_547' title='bbox 1559 1706 1792 1759; x_wconf 79' lang='grc' dir='ltr'>ι3;’1ίμαιός</span> <span class='ocrx_word' id='word_1_548' title='bbox 1827 1722 1932 1760; x_wconf 84' lang='grc' dir='ltr'>φησι,</span> <span class='ocrx_word' id='word_1_549' title='bbox 1964 1705 2182 1759; x_wconf 84' lang='grc' dir='ltr'>Δημοχάρην</span> 
     </span>
     <span class='ocr_line' id='line_1_82' title="bbox 1149 1764 2185 1829; baseline -0.004 -23"><span class='ocrx_word' id='word_1_550' title='bbox 1149 1766 1380 1829; x_wconf 81' lang='grc' dir='ltr'>ἡταιρηκέναι</span> <span class='ocrx_word' id='word_1_551' title='bbox 1410 1766 1472 1818; x_wconf 88' lang='grc' dir='ltr'><em>μὲν</em></span> <span class='ocrx_word' id='word_1_552' title='bbox 1487 1773 1560 1810; x_wconf 92' lang='grc' dir='ltr'>τοῖς</span> <span class='ocrx_word' id='word_1_553' title='bbox 1585 1766 1658 1805; x_wconf 78' lang='grc' dir='ltr'><em>ἄνω</em></span> <span class='ocrx_word' id='word_1_554' title='bbox 1683 1765 1806 1820; x_wconf 86' lang='grc' dir='ltr'>μέρεσι</span> <span class='ocrx_word' id='word_1_555' title='bbox 1832 1782 1894 1805; x_wconf 90' lang='grc' dir='ltr'><em>του</em></span> <span class='ocrx_word' id='word_1_556' title='bbox 1918 1764 2104 1816; x_wconf 86' lang='grc' dir='ltr'>σώματος,</span> <span class='ocrx_word' id='word_1_557' title='bbox 2123 1767 2185 1802; x_wconf 76' lang='grc' dir='ltr'><em>οὐκ</em></span> 
     </span>
     <span class='ocr_line' id='line_1_83' title="bbox 1152 1820 2186 1880; baseline -0.004 -15"><span class='ocrx_word' id='word_1_558' title='bbox 1152 1820 1285 1865; x_wconf 80' lang='grc' dir='ltr'>εἰναιδ’</span> <span class='ocrx_word' id='word_1_559' title='bbox 1305 1825 1411 1875; x_wconf 84' lang='grc' dir='ltr'>ἄξιον,</span> <span class='ocrx_word' id='word_1_560' title='bbox 1434 1826 1474 1865; x_wconf 82' lang='grc' dir='ltr'><em>τὸ</em></span> <span class='ocrx_word' id='word_1_561' title='bbox 1499 1825 1589 1880; x_wconf 83' lang='grc' dir='ltr'>ἱερὸν</span> <span class='ocrx_word' id='word_1_562' title='bbox 1612 1842 1683 1879; x_wconf 91' lang='grc' dir='ltr'><em>πυρ</em></span> <span class='ocrx_word' id='word_1_563' title='bbox 1706 1831 1832 1880; x_wconf 80' lang='grc' dir='ltr'>φυσᾶν,</span> <span class='ocrx_word' id='word_1_564' title='bbox 1854 1823 2130 1879; x_wconf 73' lang='grc' dir='ltr'>ὗπερὸεὸηκέναι</span> <span class='ocrx_word' id='word_1_565' title='bbox 2150 1822 2186 1862; x_wconf 82' lang='grc' dir='ltr'><em>δὲ</em></span> 
     </span>
     <span class='ocr_line' id='line_1_84' title="bbox 1152 1882 2185 1938; baseline -0.003 -15"><span class='ocrx_word' id='word_1_566' title='bbox 1152 1891 1224 1929; x_wconf 87' lang='grc' dir='ltr'>τοῖς</span> <span class='ocrx_word' id='word_1_567' title='bbox 1243 1884 1500 1937; x_wconf 83' lang='grc' dir='ltr'>ἐπιτηδεύμασι</span> <span class='ocrx_word' id='word_1_568' title='bbox 1534 1884 1579 1923; x_wconf 78' lang='grc' dir='ltr'><em>τὰ</em></span> <span class='ocrx_word' id='word_1_569' title='bbox 1614 1883 1764 1938; x_wconf 86' lang='grc' dir='ltr'>Βότρυος</span> <span class='ocrx_word' id='word_1_570' title='bbox 1788 1883 2028 1935; x_wconf 78' lang='grc' dir='ltr'>ὒπομνήματα</span> <span class='ocrx_word' id='word_1_571' title='bbox 2054 1882 2114 1921; x_wconf 87' lang='grc' dir='ltr'><em>και</em></span> <span class='ocrx_word' id='word_1_572' title='bbox 2141 1882 2185 1920; x_wconf 84' lang='grc' dir='ltr'><em>τὰ</em></span> 
     </span>
     <span class='ocr_line' id='line_1_85' title="bbox 1154 1940 2189 1995; baseline -0.002 -13"><span class='ocrx_word' id='word_1_573' title='bbox 1154 1943 1360 1987; x_wconf 80' lang='grc' dir='ltr'>Φιλαινίδος</span> <span class='ocrx_word' id='word_1_574' title='bbox 1377 1943 1436 1982; x_wconf 83' lang='grc' dir='ltr'><em>καὶ</em></span> <span class='ocrx_word' id='word_1_575' title='bbox 1455 1946 1525 1982; x_wconf 83' lang='grc' dir='ltr'><em>τῶν</em></span> <span class='ocrx_word' id='word_1_576' title='bbox 1551 1943 1667 1982; x_wconf 85' lang='grc' dir='ltr'>ἄλλων</span> <span class='ocrx_word' id='word_1_577' title='bbox 1695 1942 2065 1995; x_wconf 76' lang='grc' dir='ltr'>ἀναισχυντογράφων.</span> <span class='ocrx_word' id='word_1_578' title='bbox 2090 1940 2189 1981; x_wconf 89' lang='grc' dir='ltr'>Ταύ-</span> 
     </span>
     <span class='ocr_line' id='line_1_86' title="bbox 1153 1995 2188 2057; baseline -0.004 -15"><span class='ocrx_word' id='word_1_579' title='bbox 1153 2019 1217 2051; x_wconf 87' lang='grc' dir='ltr'><em>την</em></span> <span class='ocrx_word' id='word_1_580' title='bbox 1234 2002 1270 2042; x_wconf 86' lang='grc' dir='ltr'><em>δὲ</em></span> <span class='ocrx_word' id='word_1_581' title='bbox 1288 2002 1353 2051; x_wconf 85' lang='grc' dir='ltr'><em>τὴν</em></span> <span class='ocrx_word' id='word_1_582' title='bbox 1372 2003 1546 2057; x_wconf 88' lang='grc' dir='ltr'>λοιδορίαν</span> <span class='ocrx_word' id='word_1_583' title='bbox 1561 2002 1621 2041; x_wconf 81' lang='grc' dir='ltr'><em>καὶ</em></span> <span class='ocrx_word' id='word_1_584' title='bbox 1640 2001 1701 2046; x_wconf 79' lang='grc' dir='ltr'><em>τὰς</em></span> <span class='ocrx_word' id='word_1_585' title='bbox 1719 2001 1888 2056; x_wconf 76' lang='grc' dir='ltr'>ἐμφάσεις</span> <span class='ocrx_word' id='word_1_586' title='bbox 1903 2003 1970 2053; x_wconf 86' lang='grc' dir='ltr'>οὐχ</span> <span class='ocrx_word' id='word_1_587' title='bbox 1989 1995 2059 2039; x_wconf 75' lang='grc' dir='ltr'>οἷον</span> <span class='ocrx_word' id='word_1_588' title='bbox 2076 1999 2115 2038; x_wconf 81' lang='grc' dir='ltr'><em>ἅν</em></span> <span class='ocrx_word' id='word_1_589' title='bbox 2137 2015 2188 2043; x_wconf 89' lang='grc' dir='ltr'><em>τις</em></span> 
     </span>
     <span class='ocr_line' id='line_1_87' title="bbox 1158 2058 2189 2115; baseline -0.003 -15"><span class='ocrx_word' id='word_1_590' title='bbox 1158 2061 1288 2102; x_wconf 83' lang='grc' dir='ltr'>διέθετο</span> <span class='ocrx_word' id='word_1_591' title='bbox 1304 2060 1580 2113; x_wconf 80' lang='grc' dir='ltr'>πεπαιδευμένος</span> <span class='ocrx_word' id='word_1_592' title='bbox 1591 2060 1680 2115; x_wconf 86' lang='grc' dir='ltr'>ἀνὴρ</span> <span class='ocrx_word' id='word_1_593' title='bbox 1697 2091 1708 2109; x_wconf 91' lang='grc'>,</span> <span class='ocrx_word' id='word_1_594' title='bbox 1723 2061 1801 2100; x_wconf 84' lang='grc' dir='ltr'>ἀλλ’</span> <span class='ocrx_word' id='word_1_595' title='bbox 1821 2060 1897 2100; x_wconf 78' lang='grc' dir='ltr'>οὐδὲ</span> <span class='ocrx_word' id='word_1_596' title='bbox 1914 2062 1983 2098; x_wconf 83' lang='grc' dir='ltr'><em>τῶν</em></span> <span class='ocrx_word' id='word_1_597' title='bbox 1999 2059 2056 2098; x_wconf 81' lang='grc' dir='ltr'>ἐπὶ</span> <span class='ocrx_word' id='word_1_598' title='bbox 2069 2058 2189 2111; x_wconf 87' lang='grc' dir='ltr'>τέγους</span> 
     </span>
    </p>
   </div>
   <div class='ocr_carea' id='block_1_17' title="bbox 1157 2171 2227 2688">
    <p class='ocr_par' dir='ltr' id='par_1_21' title="bbox 1157 2171 2227 2688">
     <span class='ocr_line' id='line_1_88' title="bbox 1158 2171 2191 2215; baseline -0.004 -9"><span class='ocrx_word' id='word_1_599' title='bbox 1158 2174 1246 2215; x_wconf 87' lang='lat' dir='ltr'><em>ginta</em></span> <span class='ocrx_word' id='word_1_600' title='bbox 1265 2174 1467 2206; x_wconf 86' lang='lat' dir='ltr'><em>continenter</em></span> <span class='ocrx_word' id='word_1_601' title='bbox 1482 2182 1584 2206; x_wconf 90' lang='lat' dir='ltr'><em>annos</em></span> <span class='ocrx_word' id='word_1_602' title='bbox 1601 2173 1735 2205; x_wconf 86' lang='lat' dir='ltr'><em>Athenis</em></span> <span class='ocrx_word' id='word_1_603' title='bbox 1751 2173 1869 2213; x_wconf 89' lang='lat' dir='ltr'><em>hospes</em></span> <span class='ocrx_word' id='word_1_604' title='bbox 1886 2174 2035 2204; x_wconf 87' lang='lat' dir='ltr'><em>versatus</em></span> <span class='ocrx_word' id='word_1_605' title='bbox 2054 2171 2127 2211; x_wconf 90' lang='lat' dir='ltr'><em>sim,</em></span> <span class='ocrx_word' id='word_1_606' title='bbox 2141 2180 2191 2203; x_wconf 90' lang='lat' dir='ltr'><em>ne-</em></span> 
     </span>
     <span class='ocr_line' id='line_1_89' title="bbox 1158 2218 2192 2261; baseline -0.004 -8"><span class='ocrx_word' id='word_1_607' title='bbox 1158 2230 1213 2253; x_wconf 90' lang='lat' dir='ltr'><em>mo</em></span> <span class='ocrx_word' id='word_1_608' title='bbox 1233 2230 1298 2253; x_wconf 92' lang='lat' dir='ltr'><em>non</em></span> <span class='ocrx_word' id='word_1_609' title='bbox 1314 2221 1421 2253; x_wconf 88' lang='lat' dir='ltr'><em>credet</em></span> <span class='ocrx_word' id='word_1_610' title='bbox 1446 2229 1525 2253; x_wconf 92' lang='lat' dir='ltr'><em>usus</em></span> <span class='ocrx_word' id='word_1_611' title='bbox 1540 2220 1648 2253; x_wconf 89' lang='lat' dir='ltr'><em>bellici</em></span> <span class='ocrx_word' id='word_1_612' title='bbox 1662 2228 1716 2252; x_wconf 88' lang='lat' dir='ltr'><em>me</em></span> <span class='ocrx_word' id='word_1_613' title='bbox 1736 2219 1923 2261; x_wconf 87' lang='lat' dir='ltr'><em>imperitum</em></span> <span class='ocrx_word' id='word_1_614' title='bbox 1938 2227 2008 2251; x_wconf 89' lang='lat' dir='ltr'><em>esse</em></span> <span class='ocrx_word' id='word_1_615' title='bbox 2023 2227 2031 2250; x_wconf 70' lang='grc' dir='ltr'>τ</span> <span class='ocrx_word' id='word_1_616' title='bbox 2049 2232 2064 2246; x_wconf 82' lang='lat'><strong>»</strong></span> <span class='ocrx_word' id='word_1_617' title='bbox 2083 2218 2192 2250; x_wconf 86' lang='lat' dir='ltr'><em>videli-</em></span> 
     </span>
     <span class='ocr_line' id='line_1_90' title="bbox 1157 2265 2193 2310; baseline -0.004 -10"><span class='ocrx_word' id='word_1_618' title='bbox 1157 2271 1209 2300; x_wconf 86' lang='lat' dir='ltr'><em>cet</em></span> <span class='ocrx_word' id='word_1_619' title='bbox 1221 2268 1319 2300; x_wconf 86' lang='lat' dir='ltr'><em>etiam</em></span> <span class='ocrx_word' id='word_1_620' title='bbox 1343 2268 1511 2309; x_wconf 87' lang='lat' dir='ltr'><em>regionum</em></span> <span class='ocrx_word' id='word_1_621' title='bbox 1532 2267 1671 2310; x_wconf 87' lang='lat' dir='ltr'><em>propriis</em></span> <span class='ocrx_word' id='word_1_622' title='bbox 1700 2267 1803 2299; x_wconf 87' lang='lat' dir='ltr'><em>oculis</em></span> <span class='ocrx_word' id='word_1_623' title='bbox 1826 2266 2085 2308; x_wconf 88' lang='lat' dir='ltr'><em>spectandarum.</em></span> <span class='ocrx_word' id='word_1_624' title='bbox 2113 2265 2193 2297; x_wconf 87' lang='lat' dir='ltr'><em>Inde</em></span> 
     </span>
     <span class='ocr_line' id='line_1_91' title="bbox 1158 2311 2193 2357; baseline -0.004 -10"><span class='ocrx_word' id='word_1_625' title='bbox 1158 2315 1317 2357; x_wconf 83' lang='lat' dir='ltr'><em>sequitur,</em></span> <span class='ocrx_word' id='word_1_626' title='bbox 1333 2317 1381 2354; x_wconf 82' lang='lat' dir='ltr'><em>ut,</em></span> <span class='ocrx_word' id='word_1_627' title='bbox 1398 2315 1425 2347; x_wconf 91' lang='lat' dir='ltr'><em>si</em></span> <span class='ocrx_word' id='word_1_628' title='bbox 1439 2315 1519 2356; x_wconf 89' lang='lat' dir='ltr'><em>quid</em></span> <span class='ocrx_word' id='word_1_629' title='bbox 1532 2323 1658 2354; x_wconf 91' lang='lat' dir='ltr'><em>eorum,</em></span> <span class='ocrx_word' id='word_1_630' title='bbox 1672 2323 1747 2355; x_wconf 80' lang='lat' dir='ltr'><em>quoe</em></span> <span class='ocrx_word' id='word_1_631' title='bbox 1759 2314 1823 2346; x_wconf 92' lang='lat' dir='ltr'><em>huc</em></span> <span class='ocrx_word' id='word_1_632' title='bbox 1835 2313 2005 2355; x_wconf 88' lang='lat' dir='ltr'><em>pertinent,</em></span> <span class='ocrx_word' id='word_1_633' title='bbox 2014 2312 2046 2344; x_wconf 92' lang='lat' dir='ltr'><em>in</em></span> <span class='ocrx_word' id='word_1_634' title='bbox 2060 2311 2193 2344; x_wconf 80' lang='lat' dir='ltr'><em>historia</em></span> 
     </span>
     <span class='ocr_line' id='line_1_92' title="bbox 1157 2359 2192 2403; baseline -0.004 -9"><span class='ocrx_word' id='word_1_635' title='bbox 1157 2362 1304 2403; x_wconf 83' lang='lat' dir='ltr'><em>attingat,</em></span> <span class='ocrx_word' id='word_1_636' title='bbox 1318 2362 1447 2395; x_wconf 84' lang='lat' dir='ltr'><em>inscitia</em></span> <span class='ocrx_word' id='word_1_637' title='bbox 1466 2362 1702 2403; x_wconf 86' lang='lat' dir='ltr'><em>mendacioque</em></span> <span class='ocrx_word' id='word_1_638' title='bbox 1718 2361 1909 2403; x_wconf 89' lang='lat' dir='ltr'><em>plerumque</em></span> <span class='ocrx_word' id='word_1_639' title='bbox 1931 2360 2069 2392; x_wconf 84' lang='lat' dir='ltr'><em>labatur.</em></span> <span class='ocrx_word' id='word_1_640' title='bbox 2087 2359 2192 2397; x_wconf 91' lang='lat' dir='ltr'><em>Quod-</em></span> 
     </span>
     <span class='ocr_line' id='line_1_93' title="bbox 1159 2405 2191 2451; baseline -0.004 -9"><span class='ocrx_word' id='word_1_641' title='bbox 1159 2410 1186 2442; x_wconf 88' lang='lat' dir='ltr'><em>si</em></span> <span class='ocrx_word' id='word_1_642' title='bbox 1203 2410 1334 2451; x_wconf 89' lang='lat' dir='ltr'><em>quando</em></span> <span class='ocrx_word' id='word_1_643' title='bbox 1350 2409 1389 2442; x_wconf 90' lang='lat' dir='ltr'><em>ad</em></span> <span class='ocrx_word' id='word_1_644' title='bbox 1406 2409 1577 2442; x_wconf 86' lang='lat' dir='ltr'><em>veritatem</em></span> <span class='ocrx_word' id='word_1_645' title='bbox 1592 2409 1731 2450; x_wconf 85' lang='lat' dir='ltr'><em>attingit,</em></span> <span class='ocrx_word' id='word_1_646' title='bbox 1744 2408 1863 2441; x_wconf 90' lang='lat' dir='ltr'><em>similis</em></span> <span class='ocrx_word' id='word_1_647' title='bbox 1876 2409 1926 2440; x_wconf 88' lang='lat' dir='ltr'><em>est</em></span> <span class='ocrx_word' id='word_1_648' title='bbox 1937 2407 2115 2449; x_wconf 86' lang='lat' dir='ltr'><em>pictoribus</em></span> <span class='ocrx_word' id='word_1_649' title='bbox 2128 2405 2191 2438; x_wconf 83' lang='lat' dir='ltr'><em>illis</em></span> 
     </span>
     <span class='ocr_line' id='line_1_94' title="bbox 1158 2453 2191 2499; baseline -0.005 -10"><span class='ocrx_word' id='word_1_650' title='bbox 1158 2458 1214 2499; x_wconf 89' lang='lat' dir='ltr'><em>qui</em></span> <span class='ocrx_word' id='word_1_651' title='bbox 1229 2457 1348 2489; x_wconf 78' lang='lat' dir='ltr'><em>farctas</em></span> <span class='ocrx_word' id='word_1_652' title='bbox 1364 2456 1542 2489; x_wconf 85' lang='lat' dir='ltr'><em>bestiarum</em></span> <span class='ocrx_word' id='word_1_653' title='bbox 1559 2456 1671 2498; x_wconf 83' lang='lat' dir='ltr'><em>pelles,</em></span> <span class='ocrx_word' id='word_1_654' title='bbox 1685 2465 1750 2490; x_wconf 91' lang='lat' dir='ltr'><em>non</em></span> <span class='ocrx_word' id='word_1_655' title='bbox 1764 2456 1835 2497; x_wconf 89' lang='lat' dir='ltr'><em>ipsa</em></span> <span class='ocrx_word' id='word_1_656' title='bbox 1854 2455 2008 2487; x_wconf 81' lang='lat' dir='ltr'><em>animalia</em></span> <span class='ocrx_word' id='word_1_657' title='bbox 2023 2454 2056 2486; x_wconf 91' lang='lat' dir='ltr'><em>in</em></span> <span class='ocrx_word' id='word_1_658' title='bbox 2070 2453 2191 2486; x_wconf 90' lang='lat' dir='ltr'><em>tabulis</em></span> 
     </span>
     <span class='ocr_line' id='line_1_95' title="bbox 1158 2499 2190 2546; baseline -0.005 -10"><span class='ocrx_word' id='word_1_659' title='bbox 1158 2505 1344 2546; x_wconf 88' lang='lat' dir='ltr'><em>exprimunt</em></span> <span class='ocrx_word' id='word_1_660' title='bbox 1358 2514 1366 2536; x_wconf 77' lang='lat' dir='ltr'><em>z</em></span> <span class='ocrx_word' id='word_1_661' title='bbox 1394 2504 1428 2536; x_wconf 92' lang='lat' dir='ltr'><em>in</em></span> <span class='ocrx_word' id='word_1_662' title='bbox 1458 2504 1619 2545; x_wconf 89' lang='lat' dir='ltr'><em>ejusmodi</em></span> <span class='ocrx_word' id='word_1_663' title='bbox 1652 2503 1772 2545; x_wconf 88' lang='lat' dir='ltr'><em>quippe</em></span> <span class='ocrx_word' id='word_1_664' title='bbox 1806 2502 1941 2534; x_wconf 84' lang='lat' dir='ltr'><em>artificio</em></span> <span class='ocrx_word' id='word_1_665' title='bbox 1974 2501 2096 2533; x_wconf 81' lang='lat' dir='ltr'><em>extima</em></span> <span class='ocrx_word' id='word_1_666' title='bbox 2120 2499 2190 2540; x_wconf 87' lang='lat' dir='ltr'><em>qui-</em></span> 
     </span>
     <span class='ocr_line' id='line_1_96' title="bbox 1161 2549 2194 2591; baseline -0.005 -8"><span class='ocrx_word' id='word_1_667' title='bbox 1161 2552 1236 2584; x_wconf 91' lang='lat' dir='ltr'><em>dem</em></span> <span class='ocrx_word' id='word_1_668' title='bbox 1248 2552 1333 2585; x_wconf 91' lang='lat' dir='ltr'><em>linea</em></span> <span class='ocrx_word' id='word_1_669' title='bbox 1343 2551 1425 2584; x_wconf 91' lang='lat' dir='ltr'><em>bene</em></span> <span class='ocrx_word' id='word_1_670' title='bbox 1438 2551 1602 2584; x_wconf 88' lang='lat' dir='ltr'><em>interdum</em></span> <span class='ocrx_word' id='word_1_671' title='bbox 1618 2560 1654 2584; x_wconf 90' lang='lat' dir='ltr'><em>se</em></span> <span class='ocrx_word' id='word_1_672' title='bbox 1665 2550 1781 2591; x_wconf 79' lang='lat' dir='ltr'><em>habet3</em></span> <span class='ocrx_word' id='word_1_673' title='bbox 1798 2550 1849 2582; x_wconf 82' lang='lat' dir='ltr'><em>vis</em></span> <span class='ocrx_word' id='word_1_674' title='bbox 1865 2551 1973 2580; x_wconf 86' lang='lat' dir='ltr'><em>tamen</em></span> <span class='ocrx_word' id='word_1_675' title='bbox 1987 2549 2020 2580; x_wconf 87' lang='lat' dir='ltr'><em>et</em></span> <span class='ocrx_word' id='word_1_676' title='bbox 2030 2555 2194 2588; x_wconf 88' lang='lat' dir='ltr'><em>generoso-</em></span> 
     </span>
     <span class='ocr_line' id='line_1_97' title="bbox 1161 2593 2227 2639; baseline -0.007 -8"><span class='ocrx_word' id='word_1_677' title='bbox 1161 2608 1233 2631; x_wconf 88' lang='lat' dir='ltr'><em>rum</em></span> <span class='ocrx_word' id='word_1_678' title='bbox 1247 2599 1460 2631; x_wconf 89' lang='lat' dir='ltr'><em>animantium</em></span> <span class='ocrx_word' id='word_1_679' title='bbox 1476 2598 1517 2631; x_wconf 89' lang='lat' dir='ltr'><em>ad</em></span> <span class='ocrx_word' id='word_1_680' title='bbox 1530 2598 1644 2630; x_wconf 90' lang='lat' dir='ltr'><em>vivum</em></span> <span class='ocrx_word' id='word_1_681' title='bbox 1660 2605 1832 2639; x_wconf 80' lang='lat' dir='ltr'><em>expressus</em></span> <span class='ocrx_word' id='word_1_682' title='bbox 1846 2595 1975 2628; x_wconf 88' lang='lat' dir='ltr'><em>habitus</em></span> <span class='ocrx_word' id='word_1_683' title='bbox 1989 2594 2090 2634; x_wconf 88' lang='lat' dir='ltr'><em>abest,</em></span> <span class='ocrx_word' id='word_1_684' title='bbox 2104 2593 2191 2635; x_wconf 84' lang='lat' dir='ltr'><em>quod</em></span> <span class='ocrx_word' id='word_1_685' title='bbox 2220 2620 2227 2624; x_wconf 72' lang='grc'>,</span> 
     </span>
     <span class='ocr_line' id='line_1_98' title="bbox 1161 2646 1662 2688; baseline -0.002 -10"><span class='ocrx_word' id='word_1_686' title='bbox 1161 2649 1211 2679; x_wconf 80' lang='lat' dir='ltr'><em>est</em></span> <span class='ocrx_word' id='word_1_687' title='bbox 1225 2647 1372 2688; x_wconf 82' lang='lat' dir='ltr'><em>pictoriae</em></span> <span class='ocrx_word' id='word_1_688' title='bbox 1387 2646 1467 2678; x_wconf 82' lang='lat' dir='ltr'><em>artis</em></span> <span class='ocrx_word' id='word_1_689' title='bbox 1483 2646 1662 2687; x_wconf 88' lang='lat' dir='ltr'><em>proprium.</em></span> 
     </span>
    </p>
   </div>
   <div class='ocr_carea' id='block_1_18' title="bbox 1562 2707 1803 2722">
    <p class='ocr_par' dir='ltr' id='par_1_22' title="bbox 1562 2707 1803 2722">
     <span class='ocr_line' id='line_1_99' title="bbox 1562 2707 1803 2722; baseline 0 962"><span class='ocrx_word' id='word_1_690' title='bbox 1562 2707 1803 2722; x_wconf 95' lang='lat' dir='ltr'><em> </em></span> 
     </span>
    </p>
   </div>
   <div class='ocr_carea' id='block_1_19' title="bbox 1477 2749 1880 2791">
    <p class='ocr_par' dir='ltr' id='par_1_23' title="bbox 1477 2749 1880 2791">
     <span class='ocr_line' id='line_1_100' title="bbox 1477 2749 1880 2791; baseline -0.01 -1"><span class='ocrx_word' id='word_1_691' title='bbox 1477 2752 1630 2791; x_wconf 86' lang='lat' dir='ltr'>LIBER</span> <span class='ocrx_word' id='word_1_692' title='bbox 1658 2749 1880 2789; x_wconf 91' lang='lat' dir='ltr'>XXXVIII</span> 
     </span>
    </p>
   </div>
   <div class='ocr_carea' id='block_1_20' title="bbox 1165 2835 2197 3138">
    <p class='ocr_par' dir='ltr' id='par_1_24' title="bbox 1165 2835 2197 3138">
     <span class='ocr_line' id='line_1_101' title="bbox 1207 2835 2195 2902; baseline -0.007 -6"><span class='ocrx_word' id='word_1_693' title='bbox 1207 2865 1267 2896; x_wconf 80' lang='lat' dir='ltr'><em>Cui</em></span> <span class='ocrx_word' id='word_1_694' title='bbox 1284 2871 1427 2895; x_wconf 84' lang='lat' dir='ltr'><em>sacrum</em></span> <span class='ocrx_word' id='word_1_695' title='bbox 1451 2864 1566 2902; x_wconf 76' lang='lat' dir='ltr'><em>iqnem</em></span> <span class='ocrx_word' id='word_1_696' title='bbox 1580 2860 1731 2901; x_wconf 85' lang='lat' dir='ltr'><em>sufflare</em></span> <span class='ocrx_word' id='word_1_697' title='bbox 1752 2858 1927 2891; x_wconf 71' lang='lat' dir='ltr'><em>nonlicet.</em></span> <span class='ocrx_word' id='word_1_698' title='bbox 1950 2857 2092 2889; x_wconf 85' lang='lat' dir='ltr'><em>Timaeus</em></span> <span class='ocrx_word' id='word_1_699' title='bbox 2113 2835 2195 2889; x_wconf 87' lang='lat' dir='ltr'><em>libro</em></span> 
     </span>
     <span class='ocr_line' id='line_1_102' title="bbox 1166 2903 2195 2951; baseline -0.009 -8"><span class='ocrx_word' id='word_1_700' title='bbox 1166 2910 1332 2951; x_wconf 88' lang='lat' dir='ltr'><em>trigesimo</em></span> <span class='ocrx_word' id='word_1_701' title='bbox 1348 2913 1462 2942; x_wconf 84' lang='lat' dir='ltr'><em>octavo</em></span> <span class='ocrx_word' id='word_1_702' title='bbox 1479 2908 1694 2941; x_wconf 76' lang='lat' dir='ltr'><em>Historiarum</em></span> <span class='ocrx_word' id='word_1_703' title='bbox 1712 2906 1833 2945; x_wconf 87' lang='lat' dir='ltr'><em>tradit,</em></span> <span class='ocrx_word' id='word_1_704' title='bbox 1845 2903 2067 2937; x_wconf 86' lang='lat' dir='ltr'><em>Democlidem</em></span> <span class='ocrx_word' id='word_1_705' title='bbox 2082 2905 2195 2935; x_wconf 90' lang='lat' dir='ltr'><em>Demo-</em></span> 
     </span>
     <span class='ocr_line' id='line_1_103' title="bbox 1165 2949 2196 2998; baseline -0.008 -8"><span class='ocrx_word' id='word_1_706' title='bbox 1165 2958 1252 2989; x_wconf 89' lang='lat' dir='ltr'><em>chari</em></span> <span class='ocrx_word' id='word_1_707' title='bbox 1267 2957 1490 2998; x_wconf 81' lang='lat' dir='ltr'><em>exprobrasse,</em></span> <span class='ocrx_word' id='word_1_708' title='bbox 1507 2955 1570 2996; x_wconf 87' lang='lat' dir='ltr'><em>ipsi</em></span> <span class='ocrx_word' id='word_1_709' title='bbox 1586 2954 1646 2986; x_wconf 89' lang='lat' dir='ltr'><em>soli</em></span> <span class='ocrx_word' id='word_1_710' title='bbox 1662 2953 1809 2984; x_wconf 91' lang='lat' dir='ltr'><em>omnium</em></span> <span class='ocrx_word' id='word_1_711' title='bbox 1824 2950 2070 2984; x_wconf 81' lang='lat' dir='ltr'><em>Atheniensium</em></span> <span class='ocrx_word' id='word_1_712' title='bbox 2082 2959 2148 2982; x_wconf 93' lang='lat' dir='ltr'><em>non</em></span> <span class='ocrx_word' id='word_1_713' title='bbox 2160 2949 2196 2982; x_wconf 93' lang='lat' dir='ltr'><em>li-</em></span> 
     </span>
     <span class='ocr_line' id='line_1_104' title="bbox 1166 2999 2197 3043; baseline -0.008 -6"><span class='ocrx_word' id='word_1_714' title='bbox 1166 3013 1238 3036; x_wconf 69' lang='lat' dir='ltr'><em>cete</em></span> <span class='ocrx_word' id='word_1_715' title='bbox 1254 3013 1325 3036; x_wconf 86' lang='lat' dir='ltr'><em>sacr</em></span> <span class='ocrx_word' id='word_1_716' title='bbox 1328 3013 1382 3035; x_wconf 91' lang='lat' dir='ltr'><em>um</em></span> <span class='ocrx_word' id='word_1_717' title='bbox 1395 3004 1501 3043; x_wconf 84' lang='lat' dir='ltr'><em>ignem</em></span> <span class='ocrx_word' id='word_1_718' title='bbox 1516 3002 1657 3039; x_wconf 83' lang='lat' dir='ltr'><em>sufflare,</em></span> <span class='ocrx_word' id='word_1_719' title='bbox 1670 2999 1758 3040; x_wconf 88' lang='lat' dir='ltr'><em>quod</em></span> <span class='ocrx_word' id='word_1_720' title='bbox 1771 2999 1954 3040; x_wconf 86' lang='lat' dir='ltr'><em>superiores</em></span> <span class='ocrx_word' id='word_1_721' title='bbox 1967 2999 2074 3039; x_wconf 87' lang='lat' dir='ltr'><em>partes</em></span> <span class='ocrx_word' id='word_1_722' title='bbox 2088 3006 2197 3038; x_wconf 86' lang='lat' dir='ltr'><em>corpo-</em></span> 
     </span>
     <span class='ocr_line' id='line_1_105' title="bbox 1167 3045 2196 3092; baseline -0.007 -9"><span class='ocrx_word' id='word_1_723' title='bbox 1167 3052 1210 3083; x_wconf 89' lang='lat' dir='ltr'><em>ris</em></span> <span class='ocrx_word' id='word_1_724' title='bbox 1226 3051 1277 3083; x_wconf 92' lang='lat' dir='ltr'><em>sui</em></span> <span class='ocrx_word' id='word_1_725' title='bbox 1291 3051 1471 3092; x_wconf 86' lang='lat' dir='ltr'><em>polluisset.</em></span> <span class='ocrx_word' id='word_1_726' title='bbox 1489 3048 1585 3080; x_wconf 86' lang='lat' dir='ltr'><em>Duris</em></span> <span class='ocrx_word' id='word_1_727' title='bbox 1597 3056 1675 3079; x_wconf 81' lang='lat' dir='ltr'><em>vero</em></span> <span class='ocrx_word' id='word_1_728' title='bbox 1687 3046 1770 3078; x_wconf 85' lang='lat' dir='ltr'><em>libro</em></span> <span class='ocrx_word' id='word_1_729' title='bbox 1786 3046 1912 3079; x_wconf 87' lang='lat' dir='ltr'><em>decimo</em></span> <span class='ocrx_word' id='word_1_730' title='bbox 1927 3045 2024 3081; x_wconf 88' lang='lat' dir='ltr'><em>dicit,</em></span> <span class='ocrx_word' id='word_1_731' title='bbox 2040 3045 2196 3086; x_wconf 76' lang='lat' dir='ltr'><em>Pytheam</em></span> 
     </span>
     <span class='ocr_line' id='line_1_106' title="bbox 1166 3094 1667 3138; baseline -0.01 -8"><span class='ocrx_word' id='word_1_732' title='bbox 1166 3098 1253 3130; x_wconf 87' lang='lat' dir='ltr'><em>idem</em></span> <span class='ocrx_word' id='word_1_733' title='bbox 1267 3097 1426 3138; x_wconf 88' lang='lat' dir='ltr'><em>objecisse</em></span> <span class='ocrx_word' id='word_1_734' title='bbox 1445 3094 1667 3128; x_wconf 86' lang='lat' dir='ltr'><em>Demostheni.</em></span> 
     </span>
    </p>
   </div>
   <div class='ocr_carea' id='block_1_21' title="bbox 1169 3197 2200 3429">
    <p class='ocr_par' dir='ltr' id='par_1_25' title="bbox 1169 3197 2200 3429">
     <span class='ocr_line' id='line_1_107' title="bbox 1209 3197 2200 3240; baseline -0.004 -5"><span class='ocrx_word' id='word_1_735' title='bbox 1209 3204 1354 3236; x_wconf 80' lang='lat' dir='ltr'><em>Timaeus</em></span> <span class='ocrx_word' id='word_1_736' title='bbox 1382 3201 1494 3233; x_wconf 86' lang='lat' dir='ltr'><em>scribit</em></span> <span class='ocrx_word' id='word_1_737' title='bbox 1508 3210 1515 3231; x_wconf 90' lang='lat'>:</span> <span class='ocrx_word' id='word_1_738' title='bbox 1535 3199 1767 3232; x_wconf 86' lang='lat' dir='ltr'><em>Democharem</em></span> <span class='ocrx_word' id='word_1_739' title='bbox 1794 3197 2016 3240; x_wconf 83' lang='lat' dir='ltr'><em>superioribus</em></span> <span class='ocrx_word' id='word_1_740' title='bbox 2054 3198 2200 3239; x_wconf 73' lang='lat' dir='ltr'><em>corporis</em></span> 
     </span>
     <span class='ocr_line' id='line_1_108' title="bbox 1170 3244 2198 3291; baseline -0.005 -10"><span class='ocrx_word' id='word_1_741' title='bbox 1170 3249 1314 3291; x_wconf 84' lang='lat' dir='ltr'><em>partibus</em></span> <span class='ocrx_word' id='word_1_742' title='bbox 1332 3248 1533 3288; x_wconf 88' lang='lat' dir='ltr'><em>impudicum</em></span> <span class='ocrx_word' id='word_1_743' title='bbox 1549 3246 1663 3285; x_wconf 80' lang='lat' dir='ltr'><em>fuisse,</em></span> <span class='ocrx_word' id='word_1_744' title='bbox 1676 3254 1781 3286; x_wconf 85' lang='lat' dir='ltr'><em>neque</em></span> <span class='ocrx_word' id='word_1_745' title='bbox 1795 3245 1940 3287; x_wconf 86' lang='lat' dir='ltr'><em>dignum,</em></span> <span class='ocrx_word' id='word_1_746' title='bbox 1957 3244 2015 3285; x_wconf 85' lang='lat' dir='ltr'><em>qui</em></span> <span class='ocrx_word' id='word_1_747' title='bbox 2029 3244 2135 3284; x_wconf 84' lang='lat' dir='ltr'><em>ignem</em></span> <span class='ocrx_word' id='word_1_748' title='bbox 2151 3252 2198 3276; x_wconf 81' lang='lat' dir='ltr'><em>sa-</em></span> 
     </span>
     <span class='ocr_line' id='line_1_109' title="bbox 1169 3291 2200 3334; baseline -0.006 -6"><span class='ocrx_word' id='word_1_749' title='bbox 1169 3305 1258 3328; x_wconf 84' lang='lat' dir='ltr'><em>crum</em></span> <span class='ocrx_word' id='word_1_750' title='bbox 1283 3295 1362 3327; x_wconf 85' lang='lat' dir='ltr'><em>flatu</em></span> <span class='ocrx_word' id='word_1_751' title='bbox 1379 3294 1579 3334; x_wconf 84' lang='lat' dir='ltr'><em>accenderet,</em></span> <span class='ocrx_word' id='word_1_752' title='bbox 1604 3293 1810 3334; x_wconf 87' lang='lat' dir='ltr'><em>eundemque</em></span> <span class='ocrx_word' id='word_1_753' title='bbox 1825 3292 1952 3334; x_wconf 82' lang='lat' dir='ltr'><em>Botryis</em></span> <span class='ocrx_word' id='word_1_754' title='bbox 1964 3300 2001 3324; x_wconf 87' lang='lat' dir='ltr'><em>ac</em></span> <span class='ocrx_word' id='word_1_755' title='bbox 2014 3291 2200 3323; x_wconf 80' lang='lat' dir='ltr'><em>Philaenidis</em></span> 
     </span>
     <span class='ocr_line' id='line_1_110' title="bbox 1169 3338 2199 3382; baseline -0.006 -7"><span class='ocrx_word' id='word_1_756' title='bbox 1169 3344 1369 3382; x_wconf 86' lang='lat' dir='ltr'><em>aliorumque</em></span> <span class='ocrx_word' id='word_1_757' title='bbox 1381 3341 1570 3382; x_wconf 87' lang='lat' dir='ltr'><em>hujusmodi</em></span> <span class='ocrx_word' id='word_1_758' title='bbox 1582 3341 1726 3373; x_wconf 74' lang='lat' dir='ltr'><em>lasciviae</em></span> <span class='ocrx_word' id='word_1_759' title='bbox 1742 3340 1935 3381; x_wconf 80' lang='lat' dir='ltr'><em>scriptorum</em></span> <span class='ocrx_word' id='word_1_760' title='bbox 1949 3338 2199 3371; x_wconf 73' lang='lat' dir='ltr'><em>commentarios</em></span> 
     </span>
     <span class='ocr_line' id='line_1_111' title="bbox 1169 3383 2199 3429; baseline -0.007 -8"><span class='ocrx_word' id='word_1_761' title='bbox 1169 3390 1245 3421; x_wconf 80' lang='lat' dir='ltr'><em>vitae</em></span> <span class='ocrx_word' id='word_1_762' title='bbox 1259 3397 1326 3421; x_wconf 82' lang='lat' dir='ltr'><em>suae</em></span> <span class='ocrx_word' id='word_1_763' title='bbox 1347 3387 1507 3420; x_wconf 84' lang='lat' dir='ltr'><em>institutis</em></span> <span class='ocrx_word' id='word_1_764' title='bbox 1527 3395 1710 3429; x_wconf 75' lang='lat' dir='ltr'><em>superasse.</em></span> <span class='ocrx_word' id='word_1_765' title='bbox 1732 3387 1824 3420; x_wconf 87' lang='lat' dir='ltr'><em>Istud</em></span> <span class='ocrx_word' id='word_1_766' title='bbox 1849 3395 1926 3419; x_wconf 86' lang='lat' dir='ltr'><em>vero</em></span> <span class='ocrx_word' id='word_1_767' title='bbox 1950 3383 2136 3417; x_wconf 87' lang='lat' dir='ltr'><em>convicium</em></span> <span class='ocrx_word' id='word_1_768' title='bbox 2153 3386 2199 3415; x_wconf 82' lang='lat' dir='ltr'><em>at-</em></span> 
     </span>
    </p>
   </div>
   <div class='ocr_carea' id='block_1_22' title="bbox 2008 3445 2056 3474">
    <p class='ocr_par' dir='ltr' id='par_1_26' title="bbox 2008 3445 2056 3474">
     <span class='ocr_line' id='line_1_112' title="bbox 2008 3445 2056 3474; baseline 0.042 -2"><span class='ocrx_word' id='word_1_769' title='bbox 2008 3445 2056 3474; x_wconf 83' lang='lat'><em>15.</em></span> 
     </span>
    </p>
   </div>
  </div>
 </body>
</html>
