2320 3684
142 209 218 242 318

138 289 231 327 λακα
249 285 284 325 δὲ
300 285 474 347 μέγιστον.
489 283 580 323 Ἀλλ’
600 285 663 322 οὐκ
677 281 865 336 Ἀρκαδίων
879 285 898 321 ὃ
911 280 1049 334 Ἀχαιὸς
1060 279 1166 326 κόλαξ

139 340 193 393 ἦν,
213 346 292 400 περὶ
314 348 351 384 οὓ
369 348 388 383 ὁ
411 343 511 386 αὐτὸς
523 344 651 402 ἱστορεῖ
664 340 876 391 Θεόπομπος
903 340 964 378 καὶ
989 341 1113 393 Δουρις
1130 341 1166 378 ἐν

138 405 290 458 πέμπτῳ
311 403 577 442 Μακεδονικῶν·
610 394 708 443 οὗτος
737 397 805 438 δὲὸ
829 398 1020 453 Ἀρκαδίων
1053 400 1164 450 μισῶν

138 463 196 502 τὸν
210 463 408 509 Φίλιππον,
423 458 607 498 ἑκούσιον’
593 474 632 496 εκ
645 460 706 504 τῆς
722 457 886 511 πατρίδος
903 456 1047 511 φυγὴν”
1029 473 1164 511 εφυγεν.

143 524 208 561 Ἠν
241 521 278 559 δὲ
310 518 540 573 εὐφυέστατος
567 517 628 556 καὶ
661 516 799 560 πλείους
824 516 1015 571 ἀποφάσεις
1061 518 1166 555 αὐτου

139 578 428 632 μνημονεύονται.
449 576 585 629 Ἔτυχε
603 576 633 614 δ’
650 579 708 614 οὖν
732 575 809 614 ποτ’
824 577 859 614 ἐν
878 577 1023 630 Δελφοῖς
1042 577 1166 622 ἐπιδη-

139 644 283 690 μοῦντος
297 635 481 676 Φιλίππου
498 640 662 688 παρεῖναι
687 633 747 672 καὶ
775 634 835 674 τὸν
865 634 1104 687 Ἀρκαδίωνα,
1128 633 1164 672 ὃν

138 695 349 742 θεασάμενος
371 698 389 733 ὃ
411 693 584 733 Μακεδὼν
604 691 663 732 καὶ
688 692 1034 747 προσκαλεσάμενος,
1048 692 1165 746 Μέχρι

137 755 227 798 τίνος
246 753 365 808 φεύξῃ,
388 753 507 807 φησὶν,
532 751 746 806 Ἀρκαδίων,
766 750 827 790 καὶ
840 751 898 801 ὃς,

219 831 310 863 'Eo-‘t’
327 831 364 862 ἂν
377 830 448 867 τοὺς
469 829 640 871 ἀφίκωμαι,
655 830 684 862 οἳ
698 827 756 861 οὐκ
767 828 856 861 ἴσασι
871 828 1039 861 Φίλιππον.

554 897 730 911 ——-·-——-

501 942 703 1032 ῙᾸΒΕΞὶ3
690 941 808 981 XLV.

192 1049 326 1086 Athen.
347 1051 407 1096 X,
433 1061 472 1099 p.
494 1048 584 1096 436,
607 1050 660 1085 B:
680 1046 744 1085 Ἐν
771 1045 809 1085 δὲ
825 1049 868 1098 τῇ
901 1049 1165 1100 τεσσαρακοστῇ

138 1107 284 1160 πέμπτῃ
299 1110 317 1146 ὁ
335 1105 441 1150 αὐτὸς
471 1105 552 1160 περὶ
576 1104 758 1156 Τιμολάου
783 1103 895 1156 λέγων
919 1108 981 1143 τοῦ
1004 1105 1166 1152 Θηὸαίου

139 1168 259 1220 φησὶν,
275 1184 290 1199 «
300 1167 377 1205 Οὐκ
394 1163 520 1216 ὀλίγων
539 1163 607 1217 γὰρ
620 1163 688 1212 ἤδη
704 1162 897 1216 γενομένων
913 1165 1071 1215 ἀσελγῶν
1087 1163 1167 1218 περὶ

138 1226 196 1264 τὸν
217 1225 289 1277 βίον
313 1223 371 1262 τὸν
385 1224 463 1261 καθ’
481 1222 617 1277 ἡμέραν
637 1222 697 1261 καὶ
715 1222 794 1266 τοὺς
818 1222 943 1265 πότους
961 1221 1084 1261 οὐδένα
1109 1238 1168 1260 νο-

140 1287 230 1336 μίζω
250 1286 319 1321 τῶν
335 1284 369 1321 ἐν
393 1288 468 1326 ταῖς
486 1281 677 1325 πολιτείαις
703 1282 811 1320 ὄντων
829 1280 900 1319 οὔτ’
915 1281 1167 1336 ἀκρατέστερον

141 1345 221 1381 οὔτε
249 1340 464 1395 λιχνότερον,
493 1339 572 1379 οὔτε
591 1341 711 1378 δοῦλον
739 1339 918 1391 γεγονέναι
948 1341 1081 1390 μᾶλλον
1099 1342 1167 1378 τῶν

139 1402 286 1450 ἡδονῶν,
303 1403 333 1439 εἷ
351 1399 460 1452 μὴ,“
435 1415 555 1454 ωσπερ
575 1393 686 1448 εἶπον,
700 1399 929 1450 Τιμόλαον.»
950 1400 1007 1438 Cf.
1028 1401 1166 1438 AElian.

140 1466 184 1501 V.
203 1466 251 1500 H.
269 1464 319 1506 ΙΙ,
336 1467 397 1506 41.

616 1511 706 1550 237.

194 1573 409 1624 Stephanus
424 1586 431 1607 :
446 1571 588 1620 Χαλία,
614 1570 716 1613 πόλις
740 1569 920 1614 Βοιωτίας.
957 1570 1171 1622 Θεόπομπος

142 1632 207 1684 με’·
221 1650 235 1666 «
249 1634 281 1670 T
283 1630 326 1678 ὴν
338 1630 374 1670 δὲ
386 1630 522 1669 Χαλίαν
545 1629 605 1668 καὶ
618 1629 682 1676 τὴν
696 1628 916 1679 καλουμένην
931 1629 1068 1682 εΥρίαν,
1081 1630 1171 1683 ἥπερ

142 1692 234 1733 ἐστὶν
267 1689 386 1744 ἐφεξῆς
412 1688 544 1736 ἐκείνης
571 1692 633 1735 τῆς
658 1687 837 1731 Βοιωτίας.
852 1706 865 1722 »ι
967 1688 1013 1728 Ὁ
1051 1690 1170 1734 αὐτός·

141 1750 340 1804 «ι”Υστερον
367 1747 404 1787 δὲ
431 1751 462 1788 οἳ
484 1748 675 1790 Χαλκιδεῖς
698 1746 963 1798 πολεμήσαντες
983 1750 1146 1788 Αἰολεῦσι
1161 1780 1171 1799 ,

142 1815 211 1854 τοῖς
230 1808 293 1856 τὴν
339 1807 482 1861 ἤπειρον
497 1806 630 1859 ἔχουσι,
663 1806 808 1850 Χαλίοις
834 1806 895 1845 καὶ
914 1808 1078 1851 Βοιωτοῖς
1111 1809 1172 1847 καὶ

143 1867 386 1922 Ὀρχομενίοις
410 1866 470 1905 καὶ
484 1865 666 1913 Θηὸαίοις.
672 1883 688 1900 »

615 1925 704 1963 238.

197 1985 402 2022 Athenaeus
416 1986 505 2028 XII,
527 1996 565 2034 p.
589 1983 679 2032 532,
694 1986 736 2031 C,
752 1987 804 2021 D:
819 1982 892 2022 Καὶ
911 1983 990 2038 περὶ
1011 1989 1071 2023 τοῦ
1094 1985 1174 2024 Χά-

145 2058 245 2097 ρητος
259 2044 293 2080 ἐν
304 2044 348 2094 τῇ
359 2041 506 2094 πέμπτῃ
520 2041 579 2079 καὶ
591 2044 852 2094 τεσσαρακοστῇ
869 2057 971 2095 φησι·
987 2062 1002 2077 ιι
1011 2043 1173 2097 Χάρητός

145 2118 182 2141 τε
195 2105 327 2155 νωθροῦ
338 2117 376 2139 τε
389 2100 484 2144 ὄντος
498 2099 557 2139 καὶ
575 2100 730 2154 βραδέος,
745 2100 859 2139 καίτοι
868 2116 907 2151 γε
917 2100 976 2140 καὶ
991 2102 1075 2155 πρὸς
1085 2119 1172 2156 τρυ-

145 2161 212 2215 φὴν
234 2160 302 2207 ἤδη
321 2162 466 2205 ζῶντος·
484 2158 519 2202 ὅς
543 2175 583 2210 γε
605 2158 791 2213 περιήγετο
818 2159 1093 2212 στρατευόμενος
1107 2162 1173 2199 αὖ-

143 2219 308 2273 λητρίδας
344 2218 405 2256 καὶ
443 2218 614 2272 ψαλτρίας
638 2218 697 2256 καὶ
721 2217 829 2263 πεζὰς
852 2219 1005 2273 ἑταίρας·
1026 2219 1086 2258 καὶ
1104 2222 1172 2258 τῶν

145 2294 213 2332 χρη
219 2277 338 2329 μάτων
352 2279 421 2316 τῶν
434 2277 686 2331 εἰσφερομένων
698 2279 745 2322 εἷς
754 2277 812 2317 τὸν
826 2278 979 2328 πόλεμον
993 2278 1038 2317 τὰ
1049 2277 1112 2330 μὲν
1127 2281 1175 2324 εἷς

868 194 1170 235 ΤΗΕΟΡΟΜΡῙ
1197 194 1528 236 FRAGMENTA.

1225 280 1355 329 ταύτην
1370 281 1432 329 τὴν
1456 281 1552 335 ύὸριν
1582 280 1766 330 ἀνήλισκε,
1791 279 1835 319 τὰ
1861 281 1891 319 δ’
1922 282 2028 320 αὐτου
2063 281 2248 322 κατέλιπεν

1226 339 1410 388 Ἀθήνησι,
1429 346 1499 384 τοῖς
1510 355 1548 378 τε
1565 338 1706 391 λέγουσι
1724 355 1784 378 και
1797 338 1842 378 τὰ
1856 339 2067 400 ψηφίσματα
2079 339 2250 395 γράφουσι

1225 398 1285 436 καὶ
1300 401 1369 437 τῶν
1384 399 1530 437 ἰδιωτῶν
1544 404 1614 442 τοῖς
1629 397 1864 450 δικαζομένοις
1876 412 1884 420 ·
1909 398 1964 452 ἐφ’
1982 392 2032 442 οἷς
2057 401 2076 437 ὁ
2101 399 2210 450 δημος
2231 403 2252 439 ὃ

1225 459 1293 495 τῶν
1319 457 1507 505 Ἀθηναίων
1535 456 1757 495 οὐδεπώποτε
1787 456 2043 508 ἠγανάκτησεν,
2075 456 2168 496 ἀλλὰ
2194 457 2252 497 διὰ

1224 519 1335 554 ταῦτα
1353 516 1411 554 καὶ
1431 517 1564 567 μᾶλλον
1579 515 1682 554 αὐτὸν
1703 515 1825 567 ἠγάπα
1846 518 1915 554 τῶν
1939 517 2106 566 πολιτῶν,
2123 515 2183 554 καὶ
2205 516 2253 554 δι-

1225 574 1342 618 καίως.
1362 574 1434 614 Καὶ
1450 574 1517 627 γὰρ
1545 574 1644 614 αὐτοὶ
1669 578 1789 613 τοῦτον
1807 574 1864 613 τὸν
1879 574 2006 628 τρόπον
2033 573 2135 622 ἔζων,
2161 574 2253 613 ὥστε

1224 632 1303 676 τοὺς
1329 633 1392 685 μὲν
1425 632 1521 677 νέους
1541 635 1575 671 ἐν
1612 639 1682 678 τοῖς
1702 633 1933 688 αὐλητριδίοις
1967 632 2026 672 καὶ
2054 631 2151 686 παρὰ
2177 638 2254 677 ταῖς

1225 692 1377 746 ἑταίραις
1391 692 1578 746 διατρίὸειν
1591 722 1602 740 ,
1615 692 1693 736 τοὺς
1710 690 1744 730 δὲ
1764 693 1886 746 μικρὸν
1902 692 2042 730 ἐκείνων
2055 690 2254 745 πρεσὸυτέ-

1227 766 1304 804 ρους
1318 750 1353 789 ἔν
1380 767 1417 790 τε
1438 757 1509 795 τοῖς
1534 750 1653 795 κύὸοις
1677 751 1737 790 καὶ
1763 757 1839 795 ταῖς
1856 750 2034 794 τοιαύταις
2063 750 2230 794 ἀσωτίαις
2244 766 2252 774 ·

1225 809 1283 848 τὸν
1311 808 1346 848 δὲ
1366 810 1475 860 δ’ἧμον
1511 809 1651 848 ἅπαντα
1676 810 1786 848 πλείω
1822 808 2090 848 καταναλίσκειν
2118 809 2164 852 εἷς
2191 806 2255 852 τὰς

1226 867 1342 913 κοινὰς
1360 868 1529 914 ἑστιάσεις
1551 869 1610 908 καὶ
1630 869 1839 923 κρεανομίας
1860 868 1951 922 ἤπερ
1972 870 2018 911 εἷς
2033 867 2097 915 τὴν
2116 869 2179 915 τῆς
2190 865 2256 906 πό-

1225 928 1313 972 λεως
1333 928 1515 975 διοίκησιν.
1530 946 1545 963 »

1280 1004 1295 1020 «
1309 988 1494 1038 Suspicor
1511 987 1584 1025 hoc
1606 987 1709 1024 libro
1732 987 2028 1038 Theopompum
2061 985 2181 1034 egisse
2209 982 2256 1022 de

1227 1046 1474 1097 expeditione
1491 1046 1783 1084 Atheniensium
1809 1045 1992 1082 adversus
2010 1043 2231 1094 Philippum
2245 1072 2256 1090 ,

1227 1118 1347 1155 eaque
1367 1104 1566 1142 occasione
1585 1104 1631 1141 de
1663 1105 1835 1141 Charetis
1866 1103 2038 1141 moribus
2064 1111 2102 1140 et
2129 1102 2258 1140 indole

1228 1163 1463 1213 exposuisse.
1492 1165 1576 1200 Hoc
1603 1163 1705 1200 enim
1738 1163 1778 1199 in
1810 1161 1912 1199 bello
1945 1162 2147 1199 Charetem
2169 1173 2257 1198 cum

1226 1222 1375 1270 Lysicle
1394 1221 1581 1258 exercitui
1595 1221 1849 1272 praefecerunt
1865 1220 2125 1258 Athenienses.
2139 1219 2256 1258 Diod.

1229 1280 1342 1318 sicul.
1357 1282 1466 1328 XVI,
1487 1279 1549 1317 85.
1565 1283 1608 1317 In
1626 1293 1740 1330 quam
1755 1279 1979 1317 sententiam
1994 1279 2108 1316 etiarn
2121 1278 2258 1316 ductus

1229 1352 1311 1375 sum
1325 1367 1336 1386 ‚
1375 1339 1556 1388 quoniam
1587 1339 1627 1375 in
1658 1338 1809 1376 duobus
1841 1336 2148 1389 praecedentibus
2182 1337 2259 1374 fra-

1230 1396 1392 1446 gmentis
1409 1395 1456 1433 de
1473 1396 1620 1434 Boeotia
1639 1397 1728 1446 egit.
1746 1399 1790 1433 In
1805 1397 1903 1434 hanc
1921 1404 2048 1434 autem
2064 1396 2258 1447 regionem

1230 1454 1422 1492 exercitus
1467 1455 1710 1493 Atheniensis
1723 1483 1733 1501 ,
1768 1455 1948 1493 omnibus
1991 1455 2040 1493 ad
2086 1455 2260 1492 militiam

1231 1513 1463 1565 comparatis
1476 1544 1486 1562 ‚
1512 1515 1800 1566 expeditionem
1822 1515 1950 1552 statim
1971 1515 2160 1566 suscepit,
2192 1527 2259 1552 ce-

1230 1573 1377 1623 lerique
1417 1573 1555 1611 itinere
1590 1574 1831 1613 Choeroneam
1865 1574 2019 1612 Boeotiae
2061 1573 2261 1625 pervenit;

1231 1632 1305 1683 ipsi
1324 1640 1450 1669 autem
1468 1631 1604 1669 Boeotii
1627 1632 1667 1669 in
1685 1632 1819 1671 eodem
1843 1632 1946 1670 bello
1963 1631 2262 1671 Atheniensibus

1231 1704 1272 1728 se
1289 1690 1568 1740 adjunxerunt,
1589 1690 1774 1728 suadente
1792 1704 1928 1741 magno
1948 1699 2102 1729 oratore
2118 1694 2262 1729 Demo-

1232 1748 1375 1786 sthene.
1404 1752 1531 1798 Atque
1560 1748 1612 1786 ob
1642 1749 1709 1786 has
1738 1750 1831 1787 item
1863 1763 2019 1797 causas,
2048 1749 2080 1786 si
2106 1749 2261 1799 quidem

1232 1817 1362 1846 nostra
1376 1808 1596 1859 conjectura
1606 1810 1730 1847 valeat
1741 1838 1751 1855 ‚
1766 1818 1804 1847 et
1821 1823 1984 1860 sequens
1997 1809 2262 1860 fragmentum,

1231 1867 1272 1904 in
1291 1881 1369 1918 quo
1383 1866 1431 1905 de
1448 1868 1638 1918 legatione
1653 1869 1921 1907 Demosthenis
1935 1868 1982 1905 ad
2005 1868 2187 1913 Boeotios,
2200 1868 2263 1905 hic

1233 1925 1497 1963 collocandum
1514 1927 1669 1976 putavi,
1687 1927 1758 1964 etsi
1775 1927 1885 1978 plura
1899 1927 2108 1977 fragmenta
2123 1926 2172 1964 ad
2189 1930 2264 1964 De-

1233 1986 1472 2023 mosthenem
1490 1987 1720 2037 pertinentia
1743 1987 1790 2024 ad
1812 1986 1951 2024 librum
1973 1986 2021 2023 de
2045 1986 2263 2037 demagogis

1233 2045 1428 2083 retulerim
1441 2075 1452 2093 ‚
1473 2053 1510 2083 et
1527 2054 1652 2083 cetera
1672 2047 1885 2097 fragmenta
1911 2046 2205 2096 Theopompea,
2222 2046 2262 2083 in

1233 2103 1374 2154 quibus
1395 2103 1510 2141 urbes
1526 2112 1591 2142 aut
1607 2105 1781 2156 regiones
1800 2105 1951 2143 Boeotiae
1969 2113 2264 2142 memorantur.»

1235 2165 1293 2201 W
1290 2164 1415 2199 icllers.
1436 2165 1748 2214 Fragmentorum
1767 2164 1942 2201 ordinem
1972 2171 2120 2200 mutare
2132 2163 2238 2200 nolui
2251 2191 2262 2210 ,

1234 2222 1408 2272 quamvis
1425 2224 1613 2260 sententia
1631 2223 1705 2260 viri
1732 2222 1859 2270 docti,
1880 2221 1988 2272 cujus
2006 2220 2124 2259 verba
2147 2221 2263 2259 modo

1233 2280 1496 2329 laudavimus,
1513 2282 1580 2319 vix
1605 2290 1705 2319 stare
1722 2282 1856 2333 possit.
1878 2284 1975 2318 Nam
1993 2293 2111 2332 quum
2134 2291 2264 2331 pugna

146 2403 346 2436 adulatorem
371 2402 562 2436 maximum.
583 2404 625 2434 At
645 2411 710 2434 non
748 2403 896 2435 adulator
923 2405 992 2435 erat
1018 2404 1176 2435 Arcadion
1294 2403 1301 2410 ⁰
1710 2404 1716 2411 '
2077 2402 2084 2409 '
2113 2401 2120 2408 “
2252 2415 2264 2424 ·

149 2451 309 2486 Achaeus,
335 2449 375 2481 de
398 2458 464 2489 quo
488 2449 574 2481 idem
601 2452 710 2481 narrat
736 2450 987 2490 Theopompus,
1021 2452 1054 2483 et
1079 2450 1176 2483 Duris
1236 2450 1301 2482 tiae.

146 2496 263 2537 quinto
277 2496 359 2527 libro
375 2497 495 2527 Rerum
511 2495 803 2527 Macedonicarum.
822 2496 882 2527 Hic
897 2497 985 2527 enim
1003 2496 1175 2536 Arcadion‚

147 2543 221 2574 odio
240 2542 359 2575 ductus
375 2542 526 2583 Philippi,
545 2544 660 2583 sponte
675 2543 816 2583 patrium
841 2543 948 2574 solum
971 2543 1079 2575 vertit.
1099 2545 1178 2575 Erat

149 2593 256 2622 autem
281 2589 329 2620 vir
347 2589 508 2630 imprimis
532 2589 736 2629 ingeniosus;
762 2589 855 2629 cujus
876 2589 980 2620 multa
995 2589 1074 2621 scite
1093 2589 1178 2621 dicta

151 2639 457 2668 commemorantur.
473 2635 602 2667 Accidit
617 2635 715 2676 igitur
728 2635 911 2676 aliquando,
928 2638 976 2674 ut,
994 2633 1095 2676 quum
1110 2636 1179 2668 Del·

147 2681 222 2724 phis
246 2684 430 2714 versaretur
453 2681 641 2723 Philippus,
666 2682 762 2714 simul
785 2681 829 2713 ibi
851 2681 976 2714 adesset
1000 2682 1177 2722 Arcadion3

148 2737 245 2770 quem
262 2729 468 2770 conspicatus
481 2729 627 2768 Macedo,
642 2728 684 2761 ad
698 2737 733 2761 se
747 2729 880 2761 vocavit
895 2728 1007 2761 dicens
1025 2738 1034 2760 :
1056 2742 1072 2757 «
1090 2731 1177 2767 Quo-

150 2785 253 2817 usque
271 2777 386 2818 fugies,
404 2777 588 2810 Arcadion?
605 2790 621 2806 υ
641 2780 674 2810 et
690 2777 744 2810 ille
761 2787 769 2809 :

193 2832 301 2860 Donec
316 2831 356 2860 ad
372 2841 424 2861 eos
439 2841 629 2870 pervenero,
649 2831 763 2871 quibus
779 2832 903 2871 ignotus
918 2830 1094 2871 Philippus.

515 2937 669 2976 LIBER
698 2937 815 2976 XLV.

195 3040 316 3076 Quinto
346 3042 379 3072 et
411 3041 659 3081 quadragesimo
699 3041 780 3073 libro
815 3041 900 3073 idem
928 3041 1180 3082 (Theopompus)

151 3086 193 3117 (le
210 3086 354 3118 Timolao
382 3088 535 3119 Thebano
550 3089 649 3120 verba
663 3088 793 3128 faciens,
806 3087 941 3120 scribit:
962 3101 978 3116 ‹
993 3091 1102 3127 Quum
1115 3089 1180 3129 jam

156 3140 220 3163 non
236 3133 327 3172 pauci
342 3137 462 3173 essent,
480 3135 535 3175 qui
554 3135 584 3166 in
602 3135 790 3175 quotidiana
804 3135 883 3167 vitae
899 3135 1023 3167 ratione
1042 3134 1181 3167 luxuriae

155 3180 188 3209 et
198 3180 494 3223 compotationibus
510 3182 700 3220 studerent,
714 3182 877 3214 neminem
903 3184 982 3223 puto
995 3190 1032 3214 ex
1052 3181 1102 3214 his
1125 3182 1182 3223 qui

161 3226 394 3266 rempublicam
407 3231 583 3268 gesserunt,
599 3232 654 3261 aut
670 3229 986 3270 intemperantiorem
1002 3229 1112 3268 fuisse,
1127 3231 1183 3260 aut

156 3271 363 3311 gulosior-ern,
393 3276 450 3305 aut
470 3274 692 3315 voluptatibus
716 3275 818 3316 magis
842 3276 1035 3308 seivientem
1049 3299 1058 3315 ,
1085 3284 1182 3316 quam

157 3318 244 3350 huuc
266 3327 362 3358 quem
379 3319 447 3350 dixi
463 3321 655 3353 Timolaum.
675 3335 690 3349 ιι

198 3411 312 3445 Chalia
324 3435 333 3452 ,
350 3412 428 3444 urbs
449 3414 591 3445 Boeotiae.
616 3415 844 3456 Theopompus
867 3416 981 3457 quinto
996 3417 1029 3448 et
1044 3415 1180 3457 quadra·

1236 2411 1359 2443 gesimo
1373 2413 1381 2434 :
1399 2418 1415 2430 «
1429 2404 1574 2436 Chaliam
1593 2407 1625 2437 et
1640 2406 1784 2445 Hyriam,
1796 2412 1870 2444 quae
1878 2405 1956 2435 esta
1970 2404 2060 2443 tergo
2075 2401 2162 2434 illius
2171 2402 2250 2433 Boeo

1318 2464 1334 2479 »
1407 2451 1496 2484 Idem
1514 2462 1521 2483 :
1543 2466 1558 2480 α
1577 2454 1692 2484 Postea
1715 2460 1793 2483 vero
1815 2450 2054 2488 Chalcidenses,
2067 2448 2186 2482 bellum
2207 2455 2264 2488 ge-

1235 2500 1341 2530 rentes
1349 2497 1498 2530 adversus
1504 2500 1671 2536 AEolenseS,
1678 2499 1887 2529 (minuentem
1902 2496 2069 2536 habeam,
2084 2497 2118 2528 et
2130 2493 2264 2528 Chalios

1234 2546 1267 2576 et
1283 2546 1411 2578 Boeotos
1426 2549 1458 2578 et
1475 2546 1707 2579 Orchomenios
1723 2547 1754 2578 et
1768 2544 1950 2578 Thebanos.
1968 2555 1984 2570 n

1279 2661 1325 2693 De
1340 2662 1475 2694 Charete
1498 2663 1582 2694 idem
1600 2660 1870 2703 (Theopompus),
1896 2657 1978 2692 libro
1993 2658 2108 2700 quinto
2125 2657 2158 2690 et
2187 2665 2262 2698 qua·

1237 2708 1419 2748 dragesimo
1431 2732 1441 2749 ‚
1457 2709 1568 2741 scribit
1587 2720 1595 2741 :
1616 2722 1630 2737 «
1648 2709 1760 2749 Segnis
1777 2707 1898 2740 Chares
1913 2709 1945 2738 et
1966 2705 2078 2738 tardus
2091 2706 2159 2738 erat
2171 2729 2180 2744 ‚
2189 2703 2265 2745 jam-

1237 2763 1300 2795 que
1319 2755 1415 2787 molle
1442 2757 1476 2788 et
1498 2755 1704 2787 luxuriosum
1732 2755 1810 2786 vitae
1837 2761 1936 2794 genus
1954 2753 2096 2793 coeperat
2121 2751 2264 2783 sectari:

1238 2801 1356 2842 quippe
1369 2803 1525 2835 exercitui
1540 2802 1713 2844 praefectus
1731 2800 1881 2833 tibicinas
1896 2802 1928 2831 et
1943 2798 2134 2831 cantatrices
2149 2800 2182 2829 et
2195 2796 2265 2829 vnl-

1238 2856 1328 2887 gares
1348 2849 1532 2881 meretrices
1555 2857 1662 2880 secum
1688 2845 1975 2879 circumducebat:
2000 2846 2034 2877 et
2054 2844 2263 2885 pecuniarum

1239 2895 1279 2926 ad
1305 2895 1428 2928 bellum
1446 2895 1636 2928 collatarum
1656 2897 1780 2936 partem
1803 2894 1837 2925 in
1861 2893 1924 2925 hoc
1942 2892 2049 2933 ipsum
2061 2891 2263 2932 ⁴probrosum

1239 2941 1315 2973 vitae
1328 2952 1429 2983 genus
1444 2943 1616 2982 absumsit,
1631 2941 1802 2983 partemin
1817 2940 1897 2972 urbe
1909 2939 2044 2971 Athenis
2057 2938 2188 2978 reliquit
2199 2945 2266 2969 ora-

1240 2991 1367 3024 toribus
1381 2992 1637 3025 distribuendam
1651 3015 1660 3030 ,
1687 2993 1719 3023 et
1740 2989 1908 3032 plebiscita
1924 2987 2178 3030 proponentibus
2195 3011 2205 3026 ,
2232 2988 2264 3019 et

1240 3039 1376 3079 privatis
1394 3040 1580 3071 hominibus
1597 3039 1716 3079 quibus
1731 3038 1804 3070 lites
1822 3038 1930 3069 essent
1945 3036 2110 3068 intentatae
2138 3033 2265 3073 Quibus

1242 3085 1339 3118 rebus
1355 3088 1482 3118 tantum
1498 3085 1607 3117 aberat
1628 3087 1663 3117 ut
1687 3084 1906 3138 indignaretur
1924 3090 2079 3123 umquam
2097 3080 2266 3114 Athenien·

1241 3132 1325 3164 sium
1341 3133 1490 3173 populus,
1510 3134 1545 3164 ut
1560 3140 1635 3163 eum
1658 3131 1760 3171 magis
1776 3130 1872 3162 etiam
1890 3137 1987 3181 quam
2001 3128 2080 3160 alios
2096 3135 2208 3160 omnes
2223 3125 2265 3159 ci·

1241 3188 1298 3213 ves
1311 3179 1500 3219 diligerent:
1524 3186 1583 3209 nec
1602 3177 1777 3209 immerito.
1800 3178 1881 3208 Nam
1904 3178 1936 3207 et
1958 3174 2021 3216 ipsi
2036 3174 2149 3207 eodem
2168 3171 2264 3205 modo

1242 3226 1416 3265 vivebant;
1434 3227 1470 3256 ut
1483 3225 1619 3265 juvenes
1632 3223 1717 3264 apud
1731 3222 1880 3254 tibicinas
1893 3224 1925 3253 et
1942 3220 2125 3253 meietrices
2136 3218 2265 3251 assidue
2304 3231 2306 3233 >

1242 3249 1468 3311 versarentiir,
1484 3273 1516 3303 et
1533 3270 1582 3302 his
1601 3269 1709 3311 paullo
1725 3271 1801 3300 natu
1818 3269 1954 3308 maJores
1976 3270 2172 3299 tesserarum
2188 3264 2264 3298 ludo

1243 3321 1277 3353 et
1289 3319 1352 3352 alia
1365 3319 1397 3351 id
1416 3327 1517 3359 genus
1533 3317 1665 3349 lascivia
1681 3318 1809 3369 tempus
1828 3317 1974 3355 tererent,
1993 3314 2165 3346 universus
2186 3319 2264 3344 vero

1242 3366 1381 3408 populus
1396 3366 1489 3419 plura
1503 3364 1702 3405 impenderet
1727 3363 1759 3395 in
1775 3362 1904 3404 publica
1920 3339 2015 3402 epiila
2034 3362 2067 3393 et
2083 3357 2263 3392 visceratio·

1243 3423 1312 3453 nes,
1324 3420 1422 3454 quam
1436 3412 1469 3444 in
1483 3412 1625 3444 civitatis
1638 3410 1959 3443 administrationem.
