2320 3684
805 137 1064 177 CHARONIS
1094 139 1424 180 FRAGMENTA.

61 229 145 279 ipse
165 227 341 265 manibus
367 235 562 272 tractasse,
584 225 642 263 vel
668 232 771 262 certe
795 224 961 274 aliquem
987 225 1082 261 scri.

63 297 211 340 ptorem
236 289 476 340 compilasse,
498 286 564 338 qui
587 286 696 324 illum
716 285 793 324 suis
810 285 893 335 ipse
910 284 1086 322 manibus

2123 148 2171 180 35

1145 224 1242 271 ἔταξε
1270 233 1340 271 τοῖς
1375 226 1494 265 παισὶν
1528 223 1637 271 αὐτὴν
1685 226 1928 279 ὑποστηρίξαι·
1966 230 1987 274 ἡ
2012 226 2046 265 δὲ
2086 227 2173 278 με’λ-

1145 284 1255 322 λουσα
1287 286 1557 340 συμφθείρεσθαι
1581 290 1624 338 τῇ
1652 282 1728 340 δρυῒ
1753 285 1892 340 νύμφη,
1919 287 2093 326 ἐπιστᾶσα
2123 290 2174 340 τῷ

62 349 292 387 tractaverit.
309 351 387 387 Nec
410 347 514 385 deest
527 345 608 396 ejus
626 344 682 382 rei
704 344 921 395 exemplum
945 344 984 381 in
1002 345 1087 394 ipso
1146 341 1289 396 Ῥοίκῳ,
1299 345 1402 398 χάριν
1418 345 1480 396 μὲν
1499 344 1624 384 εἰδέναι
1640 345 1789 400 ἔφασκεν
1808 345 1894 399 ὑπὲρ
1910 348 1972 393 τ’ῆς
1988 345 2173 399 σωτηρίας,

61 409 255 458 Polyaeno,
267 420 380 458 quem
394 418 509 456 supra
522 404 725 444 docuimus
737 406 966 454 Lampsaces
981 401 1090 453 puel—

61 461 107 498 lae
126 461 326 498 historiam
336 473 356 496 a
364 458 571 497 Plutarcho
581 465 813 503 mutuatum,
825 457 891 506 qui
906 456 943 493 in
955 455 1088 493 eadem

62 518 283 570 diligentior
301 518 483 567 Polyaeno
496 517 714 555 Charonem
734 523 932 553 auctorem
955 514 1090 551 lauda—

62 585 127 615 vlt.
144 594 160 611 »

553 630 566 667 l
580 630 612 667 l.

115 687 325 726 Athenaeus
364 690 435 732 XI,
451 701 484 724 c.
513 693 575 738 49,
600 700 638 738 p.
673 685 762 733 475,
791 688 820 723 B
841 682 995 738 εΧάρων
1023 683 1090 721 δ’ὁ

62 745 302 799 Λαμψακηνὸς
316 746 351 784 ἓν
367 750 438 789 τοῖς
456 744 583 799 θΩροις
601 744 699 799 παρὰ
719 742 1010 795 Λακεδαιμονίοις
1025 758 1090 797 φη-

60 805 116 845 σὶν
141 804 193 844 ἔτι
220 805 280 843 καὶ
306 806 354 848 εἷς
381 804 483 844 αὐτὸν
515 804 712 844 δείκνυσθαι
737 803 777 842 τὸ
806 802 911 845 δέπας
928 801 968 840 τὸ
994 800 1089 841 δοθὲν

62 862 241 917 Ἀλκμήνῃ
260 862 327 902 ὑπὸ
343 863 442 912 Διὸς,
463 863 521 903 ὅτε
542 862 775 919 Ἀμφιτρύωνι
792 861 949 908 εἰκάσθη.
969 865 1092 900 Creu-

61 937 171 962 zerus
187 924 404 962 :nDifficile
434 924 633 962 intellectu
655 931 726 970 est,
750 921 948 974 quomodo
974 920 1015 959 in
1042 934 1089 958 eo

61 994 193 1035 opere,
207 982 312 1034 quod
341 996 411 1034 ego
429 983 470 1020 in
496 996 588 1034 agro
614 980 878 1033 Lampsaceno
895 989 1090 1018 versatum

61 1054 142 1079 esse
161 1041 442 1088 contenderim,
458 1041 566 1079 locus
581 1054 662 1078 esse
679 1039 852 1092 potuerit
865 1038 1090 1086 narrationi,

62 1113 148 1150 quae
180 1108 237 1137 est
261 1099 309 1138 de
340 1101 483 1151 poculo
519 1100 722 1137 Alcmenae.
748 1098 938 1149 Equidem
962 1098 1091 1135 nullus

62 1157 216 1206 dubito,
238 1159 331 1209 quin
364 1159 427 1196 hic
457 1159 565 1197 locus
585 1159 633 1197 ad
656 1158 759 1196 aliud
781 1158 970 1197 Charonis
992 1171 1092 1209 opus

64 1217 198 1256 referri
218 1217 371 1265 debeat,
387 1217 435 1256 ad
451 1216 647 1271 Πρυτάνεις
668 1217 783 1269 (qupd
802 1217 986 1269 scriptum
1010 1218 1093 1255 Sui-

63 1275 131 1314 das
147 1275 294 1330 χρονικὰ
318 1276 433 1315 fuisse
458 1275 586 1327 docet)
601 1306 611 1323 ,
626 1284 664 1314 et
680 1289 858 1328 peccasse
881 1276 940 1314 vel
965 1276 1093 1327 ipsum

63 1335 292 1373 Athenaeum
311 1335 371 1373 vel
394 1335 476 1387 ejus
500 1335 681 1373 librarios
701 1336 741 1373 in
768 1349 830 1382 σο,
852 1335 959 1386 quod
989 1335 1092 1373 illam

65 1407 143 1432 rem
165 1395 200 1432 ἐν
219 1393 341 1448 “Opone
357 1394 534 1432 traditam
559 1394 744 1441 dicerent,
759 1394 831 1432 nisi
850 1395 925 1432 hoc
944 1407 1094 1432 sumere

63 1453 436 1492 malueriszillorum
455 1455 628 1507 χρονικῶν
654 1453 771 1492 fuisse
799 1466 888 1491 cum
914 1453 1022 1491 illum
1048 1452 1095 1491 ti—

65 1512 188 1550 tulum
211 1519 555 1550 commemoratum
579 1526 599 1550 a
626 1512 767 1551 Suida:
784 1511 992 1565 Πρυτάνεις,
1013 1521 1092 1550 tuin

4 1595 7 1598 v
63 1571 226 1609 alterum
246 1571 350 1609 hunc
364 1585 373 1606 :
387 1564 489 1626 Ὧροι
505 1572 709 1622 (annales),
730 1580 773 1609 ut
787 1570 1096 1609 Lacedaemonio-

63 1643 148 1670 rum
165 1630 320 1669 annales
339 1630 494 1681 cogites.
516 1648 531 1664 υ

461 1767 495 1804 Κ
502 1766 686 1806 ΤΙΣΕΙΣ.

546 1847 606 1886 12.

115 1906 444 1957 Schol.·Apollou.
461 1906 534 1944 Rh.
553 1909 604 1953 11,
619 1913 693 1959 477
722 1914 759 1944 et
787 1909 912 1957 Etym.
930 1910 983 1944 M.
1009 1920 1036 1944 s.
1055 1921 1090 1944 v.

60 1963 308 2018 Ἄμαδρυάδες,
322 1978 487 2015 quorum
500 1966 693 2016 posterior
713 1966 793 2003 haec
811 1965 928 2004 habet
941 1981 948 2003 :
962 1965 1092 2019 Χάρων

131 2026 151 2062 ὁ
183 2022 425 2076 Λαμψακηνὸς
460 2025 590 2077 ἱστορεῖ
609 2026 656 2069 ὡς
673 2023 832 2071 Ῥοῖκος,
853 2025 934 2078 δρῦν
959 2024 1091 2063 θεασά-

61 2098 162 2135 μενος
188 2082 256 2131 ἤδη
277 2081 472 2134 μέλλουσαν
501 2083 558 2121 ἐπὶ
585 2086 651 2135 γῆν
682 2077 966 2138 καταφέρεσθαι,
982 2100 1093 2138 προσ»ἢ

61 2195 274 2236 Lampsaceni
289 2204 366 2227 vero
379 2195 622 2236 contendentes,
638 2195 680 2228 ad
695 2197 881 2228 Hermaeum
902 2196 1025 2238 priores
1037 2205 1090 2229 ve-

61 2244 188 2274 nerunt.
211 2242 250 2274 ld
262 2251 281 2274 a
292 2242 387 2275 Pario
403 2242 605 2284 septuaginta
620 2243 733 2275 stadiis
748 2242 848 2275 distat
862 2253 870 2274 :
886 2246 1090 2284 aLampsaco

62 2290 171 2321 autem
187 2289 347 2322 ducentis.
383 2291 526 2322 Tantum
550 2290 611 2321 soli
634 2298 691 2331 per
704 2289 863 2321 fallaciam
879 2290 1092 2331 Lampsaceni

62 2336 207 2369 Parianis
221 2336 423 2378 ademerunt,
440 2336 559 2369 finibus
575 2336 607 2368 in
624 2338 774 2369 Hermaeo
789 2337 988 2369 constitutis.

544 2391 606 2424 11.

101 2442 230 2475 Charon
256 2450 335 2474 vero
356 2444 598 2484 Lampsacenus
622 2443 657 2475 in
681 2442 861 2476 Annalibus
886 2442 1018 2482 scribit,
1048 2443 1087 2475 ad

59 2497 159 2521 suam
171 2498 275 2530 usque
284 2491 411 2522 aetatem
422 2492 638 2522 monstratum
647 2499 719 2523 esse
729 2490 817 2532 apud
823 2490 1089 2523 Lacedaemonios

60 2536 231 2578 poculum,
248 2545 314 2578 quo
331 2536 520 2574 Alcmenam
535 2538 663 2581 Jupiter
682 2538 859 2570 donaverat
877 2537 939 2570 sub
955 2538 1087 2579 Amphi-

59 2583 183 2625 tryonis
201 2583 318 2617 forma.

460 2648 680 2664 *⁴000*—

243 2694 311 2734 DE
347 2695 553 2735 URBIUM
585 2696 900 2737 ORIGINIBUS.

99 2823 229 2857 Charon
244 2825 485 2866 Lampsacenus
506 2827 615 2857 narrat
647 2826 923 2867 quemadmodum
945 2828 1086 2860 Rhoecus

58 2868 221 2912 (Cnidius)
238 2880 394 2912 quercum
407 2873 610 2914 conspiciens
625 2874 753 2906 tantum
767 2883 834 2906 non
850 2874 883 2906 in
901 2877 1019 2906 terram
1036 2884 1085 2907 ca-

57 2917 198 2959 dentem,
212 2927 330 2959 pueros
343 2919 476 2960 jusserit
501 2928 571 2952 eam
597 2920 775 2953 suffulcire.
789 2921 940 2963 Nympha
962 2923 1083 2962 autem,

57 2973 131 3016 quae
143 2966 211 3007 jam
226 2966 261 2998 in
278 2975 316 2998 eo
333 2967 458 3006 suerat,
486 2969 523 2999 ut
540 2977 604 2999 una
629 2976 704 3000 cum
727 2968 841 3001 arbore
855 2969 1020 3010 interiret,
1043 2969 1085 3002 ad

57 3013 214 3048 Rhoecum
231 3014 364 3048 advenit
378 3015 474 3058 eique
489 3015 609 3056 gratias
625 3024 660 3048 se
674 3015 793 3049 habere
808 3015 903 3057 dixit,
920 3016 1007 3057 quod
1019 3025 1083 3048 ser-

1148 401 1319 455 ἐπέτρεπε
1340 403 1375 441 δὲ
1396 404 1608 452 αἰτήσασθαι
1637 404 1658 443 ὅ
1672 421 1706 444 τι
1728 404 1907 458 βούλοιτο·
1926 407 1973 448 ὡς
1992 403 2028 442 δὲ
2048 405 2175 448 ἐκεῖνος

1147 459 1244 506 ἠξίου
1265 462 1491 513 συγγενέσθαι
1515 466 1602 517 αὐτῇ
1616 495 1625 512 ,
1652 464 1836 516 ἐπιζήμιον
1864 463 1926 516 μὲν
1951 463 2068 515 ἔλεγεν
2086 456 2174 502 εἶναι

1148 522 1251 556 τοῦτο
1269 519 1397 570 (ἐπιζ.-
1411 526 1513 560 τοῦτο
1533 524 1672 562 desunt
1685 525 1724 562 in
1745 524 1872 564 Schol.
1887 523 2099 575 Apollon.),
2120 538 2179 575 φυ-

1147 575 1336 616 λάττεσθαι
1354 577 1390 617 δὲ
1403 578 1498 631 ὅμως
1517 581 1635 635 ἑτέρας
1656 583 1815 634 γυναικὸς
1825 580 2121 635 ὃμιλίαν.’Έσχον
2140 581 2177 620 δὲ

1150 635 1278 686 μεταξὺ
1287 637 1399 675 αὐτῶν
1414 638 1558 690 ἄγγελον
1576 640 1755 691 μέλισσαν.
1771 643 1843 681 Καί
1855 658 1940 681 ποτε
1956 641 2177 684 πεττεύοντος

1150 696 1255 734 αὐτοῦ
1276 696 1501 749 περιίπταται
1530 699 1737 752 (παρίστατο
1779 699 2178 752 Scholiast.Apollon.)

1148 758 1171 801 ἡ
1211 754 1375 806 μέλισσα·
1404 755 1608 810 πικρότερον
1643 758 1680 796 δέ
1704 775 1737 797 τι
1769 761 2097 814 ἀποφθεγξάμενος,
2132 762 2178 805 εἷς

1151 812 1256 866 ὀργὴν
1277 813 1400 868 ἔτρεψε
1416 813 1480 862 τὴν
1500 814 1655 869 νύμφην,
1675 817 1766 856 ὥστε
1779 822 1999 873 πηρωθῆναι.
2032 820 2176 858 Eadem

1150 872 1267 911 habet
1284 874 1397 911 etiam
1421 874 1546 913 Schol.
1565 876 1728 915 Theocr.
1742 878 1852 928 Idyll.
1874 879 1911 925 3,
1939 883 1995 927 13,
2009 879 2179 918 auctoris

1151 943 1278 972 tamen
1302 943 1438 974 notltla
1458 948 1608 973 omissa.

1635 1006 1694 1043 13.

1203 1078 1361 1113 Tzetzes
1391 1075 1439 1113 ad
1471 1075 1666 1127 Lycophr.
1689 1089 1726 1112 v.
1749 1078 1843 1121 480:
1859 1076 1982 1131 Ἀρκὰς
1999 1081 2017 1116 ὃ
2050 1078 2130 1123 Διὸς
2156 1078 2178 1126 ἢ

1152 1134 1369 1178 Ἀπόλλωνος
1387 1140 1470 1178 παῖς
1482 1163 1491 1179 ,
1509 1133 1570 1172 καὶ
1597 1135 1817 1179 Καλλιστοῦς
1837 1139 1899 1182 τῆς
1920 1136 2096 1182 Λυκάονος
2115 1141 2178 1176 θυ-

1151 1193 1302 1247 γατρὸς,
1333 1193 1380 1238 ὥς
1407 1209 1494 1247 φησι
1525 1193 1654 1247 Χάρων
1682 1196 1700 1232 ὁ
1725 1194 1987 1248 Λαμψακηνὸς,
2021 1200 2179 1248 κυνηγῶν

1152 1252 1294 1305 ἐνέτυχε
1315 1252 1382 1292 τινὶ
1399 1255 1469 1292 τῶν
1490 1252 1740 1307 Ἁμαδρυάδων
1760 1256 1918 1306 νυμφῶν7
1936 1254 2181 1307 κινδυνευούσῃ

1153 1311 1213 1351 καὶ
1232 1311 1408 1365 μελλούσῃ
1434 1315 1609 1374 ερθαρῆναι
1629 1311 1695 1350 ὑπὸ
1721 1311 1915 1366 χειμάῤῥου
1940 1317 2000 1351 τοῦ
2020 1318 2181 1365 ποταμοῦ

1152 1375 1188 1411 ἐν
1208 1375 1252 1426 τῇ
1274 1367 1364 1426 δρυῒ,
1385 1373 1420 1410 ἐν
1439 1376 1461 1425 ᾑ
1482 1377 1644 1424 γεγονυῖα
1667 1365 1711 1419 ἦν
1730 1375 1752 1418 ἠ
1773 1371 1907 1425 νύμφη,
1931 1372 1991 1411 καὶ
2014 1372 2180 1427 ἀνέτρεψε

1152 1432 1211 1471 τὸν
1231 1431 1409 1484 ποταμὸν,
1439 1431 1499 1470 καὶ
1526 1430 1590 1478 τὴν
1616 1434 1683 1479 γῆν
1705 1429 1850 1483 χώματι
1873 1431 2075 1485 ὠχύρωσεν·
2105 1436 2127 1480 ἡ
2146 1433 2182 1471 δὲ

1153 1491 1270 1545 νύμφη
1286 1489 1531 1545 Προσοπέλεια
1546 1489 1610 1538 τὴν
1619 1491 1757 1537 κλῆσιν,
1771 1491 1849 1528 κατ’
1858 1490 2038 1542 Εὔμηλον,
2060 1494 2183 1531 συνελ-

1154 1555 1262 1590 θοῦσα
1281 1552 1376 1604 αὐτῷ
1394 1556 1500 1604 γεννᾷ
1516 1549 1670 1590 Ἔλατον
1689 1550 1749 1588 καὶ
1769 1550 1972 1603 Ἀφείδαντα
1984 1582 1994 1600 ,
2013 1551 2049 1596 ἐξ
2068 1546 2116 1590 ὧν
2134 1554 2185 1591 εἷ-

1154 1610 1207 1649 σὶν
1230 1613 1262 1649 οἱ
1277 1609 1440 1664 Ἀρκάδες
1453 1639 1462 1656 ,
1480 1607 1527 1653 ὥς
1541 1624 1626 1663 φησι
1645 1609 1705 1648 καὶ
1724 1609 1965 1654 Ἀπολλώνιος.
1989 1613 2182 1649 Creuzer.:

1154 1688 1171 1704 «ι
1186 1674 1271 1708 Hoc
1309 1670 1395 1707 loco
1443 1669 1492 1706 de
1524 1668 1674 1706 Arcade
1712 1669 1856 1706 firmari
1907 1669 2001 1706 mihi
2034 1669 2185 1706 videtur

1153 1729 1297 1767 Sevinii
1319 1728 1467 1779 opinio,
1506 1728 1572 1765 illa
1594 1728 1780 1766 Charonis
1804 1727 2005 1766 referenda
2036 1741 2117 1766 esse
2136 1728 2185 1766 ad

1152 1789 1274 1839 ipsius
1299 1786 1462 1834 Κτίσεις,
1487 1787 1526 1824 in
1550 1786 1690 1837 quibus
1720 1795 1873 1824 constat
1905 1787 2019 1824 altius
2050 1800 2185 1826 ascen—

1153 1847 1253 1885 disse
1272 1846 1480 1897 scriptores
1504 1845 1553 1883 ad
1569 1854 1720 1883 aetatem
1742 1845 1946 1895 mythicam
1968 1845 2185 1896 fabulisque

1153 1906 1328 1957 plurimis
1366 1904 1608 1956 exponendis
1634 1904 1846 1942 indulsisse.
1870 1905 1984 1944 Unde
2015 1919 2085 1943 nec
2114 1905 2185 1942 ab—

1153 1981 1289 2006 sonum
1310 1966 1466 2004 videtur
1485 1965 1676 2016 conjicere
1700 1979 1744 2003 ea
1766 1966 1843 2003 huc
1867 1967 2076 2017 pertinere,
2101 1980 2186 2016 quae

1152 2040 1268 2077 supra
1292 2040 1340 2064 ex
1359 2026 1544 2063 Pausania
1561 2025 1599 2062 in
1619 2024 1784 2062 medium
1800 2026 1946 2076 protuli
1965 2025 2012 2062 de
2029 2029 2185 2075 Naupa-

1152 2085 1260 2123 cticis
1272 2083 1519 2122 carminibus.
1534 2101 1549 2117 »

1154 2198 1248 2228 vator
1274 2195 1336 2227 sibi
1354 2195 1552 2235 exstitisset,
1580 2196 1742 2237 jussitque
1765 2197 1823 2235 ut,
1844 2195 2062 2236 quodcunque
2078 2195 2183 2236 vellet,

1150 2243 1340 2284 postularet.
1365 2242 1421 2275 Ille
1443 2251 1519 2274 vero
1535 2251 1638 2283 quum
1663 2243 1733 2283 ejus
1752 2243 2022 2275 consuetudinem
2049 2245 2182 2284 peteret,

1151 2290 1372 2322 damnandum
1391 2290 1522 2331 quidem
1545 2290 1607 2321 hoc
1628 2298 1699 2321 esse
1716 2289 1818 2328 dixit,
1839 2298 1873 2321 se
1891 2292 1999 2321 tamen
2014 2290 2183 2322 obsecutu-

1149 2347 1219 2370 ram
1236 2347 1318 2377 esse,
1338 2338 1367 2370 si
1383 2338 1515 2379 quidem
1527 2337 1644 2370 vitaret
1666 2338 1797 2370 alterius
1813 2337 1943 2370 feminae
1971 2338 2180 2370 connubium.

1149 2385 1388 2419 Internuntium
1402 2394 1478 2417 vero
1500 2385 1664 2417 habebant
1686 2393 1791 2426 apem,
1815 2394 1889 2425 quae
1901 2394 2003 2425 quum
2028 2384 2102 2417 talis
2127 2385 2182 2416 ali-

1149 2433 1282 2474 quando
1295 2432 1460 2464 ludentem
1489 2432 1748 2471 circumvolaret,
1773 2433 1870 2472 atque
1884 2432 2032 2463 acerbius
2051 2432 2178 2472 aliquod

1149 2481 1202 2513 ille
1224 2481 1468 2521 proloqueretur
1483 2505 1492 2521 ,
1515 2481 1640 2512 tantam
1663 2479 1816 2520 nymphae
1845 2478 1997 2510 excitavit
2034 2480 2125 2518 iram,
2143 2482 2180 2510 ut

1147 2530 1376 2561 excaecaretur.

1189 2637 1299 2674 Arcas,
1317 2632 1410 2666 Jovis
1425 2632 1511 2665 nlius
1530 2635 1586 2665 aut
1601 2631 1758 2673 Apollinis
1779 2640 1818 2663 ex
1846 2630 1996 2668 callisto,
2019 2630 2177 2670 Lycaonis

1147 2681 1225 2722 filia,
1243 2684 1282 2713 ut
1296 2682 1426 2714 Charon
1443 2680 1488 2712 ait
1507 2681 1759 2720 Lampsacenus,
1777 2679 1808 2709 in
1828 2677 2000 2709 venatione
2016 2676 2129 2709 incidit
2142 2677 2176 2709 in

1146 2729 1324 2771 nympham
1337 2727 1574 2768 Hamadryada,
1584 2736 1657 2767 quae
1662 2728 1727 2767 jam
1736 2726 1768 2756 in
1782 2734 1820 2757 eo
1832 2725 1899 2756 erat
1906 2724 2050 2765 periculi,
2065 2726 2102 2756 ut
2113 2734 2177 2757 una

1145 2785 1221 2808 cum
1240 2785 1373 2818 quercu,
1390 2776 1443 2808 eui
1457 2775 1565 2807 innata
1584 2774 1701 2815 puella,
1713 2773 1909 2814 perderetur.
1933 2771 2100 2805 subvertit
2121 2772 2174 2813 igi-

1144 2823 1325 2855 turssumen
1339 2830 1514 2863 aggereque
1523 2823 1641 2853 terram
1653 2819 1802 2851 munivit.
1819 2818 2065 2859 Nymphavero,
2074 2828 2173 2860 quam

1144 2870 1362 2911 Prosopeliam
1379 2869 1458 2901 dicit
1476 2867 1641 2906 Eumelus,
1654 2876 1729 2898 cum
1744 2866 1799 2897 illo
1815 2874 2029 2898 consuescens
2045 2866 2175 2899 Elatum

1143 2917 1313 2958 progenuit
1324 2919 1356 2949 et
1369 2916 1596 2957 Aphidantem‚
1609 2923 1649 2945 ex
1662 2913 1781 2954 quibus
1791 2910 1920 2944 oriundi
1934 2914 2014 2944 sunt
2022 2913 2174 2953 Arcades,

1143 2967 1180 2996 ut
1195 2964 1384 3006 Apollonius
1397 2971 1525 3004 quoque
1546 2963 1690 2993 testatur.

829 3172 1420 3196 ψ
