2320 3684
756 172 1061 212 THEOPOMPI
1090 172 1423 219 FRAGMENTA.

504 264 590 302 191.

89 323 230 362 Strabo
247 326 352 370 VIII,
370 337 408 374 p.
433 323 478 369 57
486 335 521 367 2,
539 324 590 359 C:
610 321 657 359 Οἱ
675 318 744 372 γὰρ
773 315 1045 368 Λακεδαιμόνιοι
1058 347 1068 365 ‚

35 383 83 426 ὥς
102 397 207 436 φησιν
221 385 240 420 ὃ
263 380 494 432 Θεόπομπος,
513 377 648 425 πολλὴν
673 376 984 429 κατακτησάμενοι
1008 378 1071 422 τῆς

38 440 223 495 ἀλλοτρίας
235 471 246 489 ,
275 442 323 483 εἷς
353 439 484 486 ταύτην
513 437 688 491 (Asinen)
721 434 912 490 κατῴκιζον
942 434 999 478 οὒς
1027 433 1069 472 ἂν

38 498 263 544 ὖποδέξαιντο
282 499 352 537 τῶν
372 496 549 551 φυγόντων
575 496 630 535 ἐπ’
651 495 775 540 αὐτούς
787 510 796 519 ·
822 493 884 533 καὶ
902 496 934 532 οἱ
952 495 992 531 ἐκ
1007 495 1072 540 τῆς

39 557 221 602 Ναυπλίας
241 559 353 597 ἐκεῖσε
366 556 608 611 ἀνεχώρησαν.
624 556 682 595 Cf.
701 556 906 594 Pausanias
922 557 974 602 ΙΙ,
997 555 1046 591 36
1060 568 1070 600 ;

39 622 109 666 ΙΙΙ,
129 632 165 666 73
185 620 251 666 IV,
271 619 334 662 34.

517 674 606 714 192.

93 729 308 780 Stephanus
321 742 330 765 ε
343 726 534 779 Θαλάμαι,
552 726 652 772 πόλις
667 729 729 774 τῆς
746 726 964 773 Μεσσηνίας·
979 724 1074 766 Θεό-

41 802 180 840 πομπος
197 789 396 840 τριακοστῷ
417 785 569 840 δευτέρῳ
587 788 833 827 Φιλιππικῶν.

98 900 204 938 Idem
218 914 227 937 :
248 899 411 948 Μαυσὸς,
425 899 529 951 κώμη
553 898 742 953 Κορίνθου·
756 899 972 951 Θεόπομπος
982 914 1078 952 τρια·

43 961 158 1013 κοστῷ
179 958 341 1013 δευτέρῳ.

517 1013 603 1051 194.

116 1066 220 1104 Idem
247 1079 256 1102 :
287 1065 422 1106 Νοστία
441 1096 452 1114 ,
489 1064 594 1117 κώμη
628 1066 829 1120 Ἀρκαδίας·
866 1066 1081 1118 Θεόπομπος

44 1127 243 1179 τριακοστῷ
259 1123 410 1179 δευτέρῳ
429 1125 675 1164 Φιλιππικῶν.

378 1227 531 1266 LIBER
560 1228 744 1268 XXXIII.

530 1286 614 1323 195.

106 1344 310 1381 Athenaeus
339 1348 404 1392 VI,
432 1359 472 1396 p.
496 1359 586 1394 271,
615 1348 673 1383 D:
692 1345 738 1385 Ὁ
762 1344 797 1384 δὲ
828 1347 929 1391 αὐτὸς
954 1350 1085 1400 ἱστορεῖ

49 1401 114 1440 κᾶν
133 1404 177 1455 τῇ
198 1406 391 1456 τριακοστῇ
413 1404 472 1442 καὶ
494 1404 595 1458 τρίτῃ
616 1407 685 1442 τῶν
706 1405 884 1458 Ἱστοριῶν
903 1408 1002 1461 παρὰ
1016 1409 1084 1446 Σι-

49 1461 212 1506 κυωνίοις
245 1461 558 1517 κατωνακοφόρους
591 1464 775 1502 καλεῖσθαι
805 1463 946 1509 δούλους
986 1464 1085 1509 τινὰς

48 1519 316 1574 παραπλησίους
334 1521 434 1567 ὄντας
452 1528 521 1567 τοῖς
539 1522 774 1567 ἐπευνάκτοις.

103 1633 325 1684 Stephanus
347 1648 356 1671 ι
380 1634 586 1684 Μελανδία,
615 1634 717 1690 χώρα
744 1636 959 1681 Σικυωνίας·
990 1636 1085 1676 Θεό-

0 1702 13 1705 “
50 1706 192 1742 πομπος
210 1695 408 1746 τριακοστῷ
431 1693 539 1748 τρίτῳ
559 1695 806 1734 Φιλιππικῶν.

106 1798 233 1837 schol.
252 1799 454 1852 Aristoph.
472 1748 614 1840 Avligrln
628 1814 684 1839 vs.
716 1808 813 1847 1014
829 1815 836 1837 :
856 1801 947 1856 Περὶ
964 1805 1027 1849 τῆς
1047 1804 1086 1840 ἐκ

54 1857 314 1909 Λακεδαίμονος
347 1858 552 1907 ξενηλασίας
578 1859 791 1911 Θεόπομπός
811 1876 916 1914 φησιν
934 1863 968 1900 ἐν
989 1865 1032 1914 τῇ
1054 1861 1086 1913 γ’

53 1915 113 1955 καὶ
133 1921 343 1972 τριακοστῇ·
361 1917 447 1958 ποτὲ
470 1919 538 1973 γὰρ
564 1921 676 1959 ἐκεῖσε
699 1921 870 1964 σιτοδείας
898 1920 1088 1973 γενομένης

55 1974 242 2026 ξενηλασία
259 1977 413 2030 γέγονεν,
432 1981 478 2023 ὡς
498 1978 711 2031 Θεόπομπός
725 1995 844 2033 φησιν.

82 2148 328 2188 Lacedaemonii,
337 2150 374 2181 ut
380 2152 490 2181 narrat
500 2098 850 2191 Tiligossompusssmpla
857 2151 980 2183 ditione
989 2151 1093 2192 potiti,

59 2205 158 2238 quam
169 2195 239 2227 aliis
256 2195 458 2236 eripuissent,
475 2196 509 2227 in
519 2205 557 2228 ca
569 2197 692 2237 (Asine)
702 2197 942 2229 collocaverunt
954 2206 1036 2238 quos
1052 2197 1093 2229 ad

60 2252 95 2279 se
103 2242 325 2284 confugientes
336 2243 529 2284 reciperent:
542 2252 645 2285 eoque
655 2244 866 2285 Nauplienses
877 2246 1090 2277 recesserunt.

101 2337 282 2377 Thalam,
301 2336 379 2368 urbs
395 2292 641 2377 Messeni2e9‚2de
656 2347 722 2379 qua
740 2338 971 2381 Theopompus
994 2340 1091 2372 tertio

61 2387 94 2418 et
106 2384 274 2426 trigesimo
292 2384 560 2426 Philippicorum.

102 2481 250 2518 Mausus,
264 2487 365 2520 pagus
381 2435 544 2520 Corinthi,¹
557 2435 674 2522 ἓὲιιυο
694 2481 922 2522 Theopompus
937 2480 1020 2514 libro
1039 2490 1086 2514 se-

63 2526 172 2560 cundo
189 2527 223 2558 et
237 2526 416 2567 trigesimo.
535 2575 610 2608 194

106 2626 230 2666 Nostia,
246 2625 340 2658 vicus
361 2627 519 2667 Arcadiae,
534 2628 628 2668 quus
645 2627 793 2661 meminit
807 2628 1036 2670 Theopompus
1057 2628 1094 2661 li·

66 2674 124 2706 bro
137 2673 279 2706 secundo
294 2675 327 2706 et
342 2674 508 2715 trigesimo
520 2675 790 2716 Philippicorum.

387 2742 540 2809 LlssEa
570 2770 752 2809 xxxm.

536 2836 621 2868 1215.

109 2885 224 2916 Narrat
245 2893 324 2917 vero
351 2885 438 2918 idem
463 2886 719 2928 (Theopompus)
748 2888 843 2919 tertio
868 2890 901 2920 et
931 2887 1095 2928 trigesimo

70 2930 284 2963 Historiarum
305 2931 406 2972 libro,
427 2933 513 2974 apud
538 2933 706 2975 Sicyonios
730 2935 1022 2975 catonacophoros
1043 2934 1097 2975 (ab

69 2981 160 3011 veste
184 2979 236 3011 cui
261 2979 336 3011 imae
366 2980 515 3021 pellicula
541 2982 639 3014 ovina
654 2982 777 3024 assuta)
804 2983 963 3014 nominari
986 2991 1097 3014 servos

71 3025 240 3066 quosdam,
255 3026 375 3059 similes
392 3028 590 3069 epeunactis.

113 3119 282 3160 Melandia,
302 3121 461 3162 Sicyoniae
477 3123 575 3163 regio,
593 3123 633 3156 de
655 3132 719 3165 qua
734 3124 962 3165 Theopompus
978 3124 1099 3166 Philip-

73 3164 218 3206 picorum
230 3167 312 3199 libro
331 3168 426 3201 tertio
441 3171 474 3201 et
487 3169 663 3210 trigesimo.

115 3260 163 3291 De
175 3261 415 3301 peregrinorum
428 3271 446 3295 e
457 3264 690 3296 Lacedaemone
702 3265 856 3305 ejectione
869 3265 1099 3306 Theopompus

75 3305 219 3356 loquitur
244 3309 326 3340 libro
345 3310 510 3350 trigesimo
526 3312 632 3343 tertio.
659 3312 788 3344 Etenim
813 3322 915 3353 quum
944 3313 1098 3344 frumenti

75 3352 249 3394 aliquando
265 3355 397 3388 caritate
416 3356 634 3397 laboraretur,
660 3359 815 3400 peregriui
842 3359 933 3400 ejecti
951 3362 1046 3398 suut,
1066 3364 1100 3391 ut

76 3399 303 3443 Theopompus
315 3403 371 3435 ait.

2087 179 2158 213 311

1476 260 1630 299 LIBER
1664 259 1820 299 XXXV.

1185 387 1392 425 Athenaeus
1420 391 1487 436 IV,
1509 402 1546 439 p.
1576 395 1673 441 144,
1692 391 1742 427 F:
1762 387 1974 440 Θεόπομπος
2003 388 2032 426 δ’
2059 390 2094 427 ἐν
2121 392 2165 440 τῇ

1130 447 1320 497 τριακοστῇ
1336 444 1396 482 καὶ
1430 444 1578 499 πέμπτῃ
1603 449 1671 485 τῶν
1689 446 1868 499 Ἱστοριῶν
1886 446 1944 485 τὸν
1968 447 2165 501 Παφλαγό-

1132 518 1200 541 νων
1222 503 1309 557 φησὶ
1330 504 1477 556 βασιλέα
1500 507 1574 545 Θῦν
1607 506 1730 545 ἑκατὸν
1764 506 1880 545 πάντα
1913 507 2166 561 παρατίθεσθαι

1134 562 1337 600 δειπνοῦντα
1360 563 1418 601 ἐπὶ
1442 563 1506 611 τὴν
1536 565 1726 618 τράπεζαν,
1750 565 1820 604 ἀπὸ
1842 567 1931 618 βοῶν
1951 566 2141 619 ἀρξάμενον
2159 580 2166 588 ·

1133 620 1194 659 καὶ
1212 620 1409 673 ἀναχθέντα
1429 623 1655 675 αἰχμάλωτον
1668 626 1714 668 ὥς
1731 623 1876 677 βασιλέα
1897 623 1957 664 καὶ
1974 626 2009 664 ἐν
2027 626 2167 679 φυλακῇ

1135 680 1219 719 ὄντα
1236 680 1343 719 πάλιν
1362 680 1407 719 τὰ
1436 682 1525 720 αὐτὰ
1551 683 1804 736 παρατίθεσθαι
1830 686 1943 729 ζῶντα
1977 686 2167 738 λαμπρῶς·

1136 739 1189 778 διὸ
1223 739 1282 778 καὶ
1320 739 1521 779 ἀκούσαντα
1553 742 1779 797 Ἀρταξέρξην
1817 745 1938 792 εἰπεῖν,
1971 743 2024 783 ὅτι
2060 743 2169 789 οὕτως

1137 801 1233 853 αὑτῷ
1248 798 1366 845 δοκοίη
1389 801 1450 852 ζῇν
1468 802 1514 844 ὡς
1540 801 1676 854 ταχέως
1695 803 1942 855 ἀπολούμενος.
1972 805 2028 843 Cf.
2049 805 2170 843 Athe-

1137 872 1243 896 naeus
1259 860 1312 906 X,
1330 871 1369 909 p.
1389 858 1477 907 415,
1495 862 1541 897 D.

1612 919 1699 958 199.

1194 976 1434 1027 Stephanus:
1455 976 1657 1031 Κατάνειρα
1741 979 1861 1027 πόλις,
1888 982 1934 1023 ὡς
1961 980 2172 1032 Θεόπομπος

1139 1034 1190 1074 λε’
1210 1037 1452 1076 Φιλιππικῶν.

1543 1118 1671 1132 >ἅο00

1201 1271 1404 1310 Athenaeus
1427 1275 1496 1321 III,
1515 1287 1553 1324 p.
1576 1272 1639 1320 85,
1656 1278 1712 1310 A:
1734 1272 1833 1320 Φησὶ
1862 1272 1928 1327 γὰρ
1957 1268 2054 1317 οὗτος
2074 1276 2109 1313 ἐν
2132 1278 2176 1327 τῇ

1144 1329 1249 1382 ὀγδόῃ
1283 1330 1343 1368 καὶ
1373 1334 1565 1384 τριακοστῇ
1596 1334 1666 1370 τῶν
1686 1331 1865 1385 Ἱστοριῶν
1891 1333 1971 1387 περὶ
1991 1333 2177 1387 Κλεάρχου

1146 1388 1371 1441 διηγούμενος
1384 1420 1394 1438 ,
1409 1394 1470 1428 τοῦ
1486 1389 1744 1443 Ἡρακλεωτῶν
1759 1393 1828 1428 τῶν
1846 1393 1880 1429 ἐν
1907 1395 1958 1445 τῷ
1972 1391 2098 1445 Πόντῳ
2117 1408 2178 1430 τυ-

1147 1446 1295 1501 ράννου,
1318 1450 1364 1492 ὡς
1388 1448 1509 1501 βιαίως
1529 1448 1649 1503 ἀνῄρει
1664 1448 1815 1493 πολλοὺς
1838 1450 1898 1489 καὶ
1917 1453 1964 1495 ὡς
1988 1458 2059 1496 τοῖς
2081 1451 2180 1490 πλεί-

1147 1522 1241 1550 στοις
1257 1507 1370 1546 ἐδίδου
1391 1506 1533 1546 κώνειον
1553 1514 1645 1547 πιεῖν
1656 1525 1664 1533 ·
1686 1526 1702 1542 «
1712 1508 1831 1556 ἐπειδὴ
1844 1504 1918 1558 οῧν,
1933 1510 2018 1563 φησὶ
2030 1542 2040 1559 ,
2052 1510 2181 1554 πάντες

1146 1565 1301 1618 ἔγνωσαν
1329 1565 1392 1613 τὴν
1417 1571 1478 1606 τοῦ
1506 1567 1693 1622 φαρμάκου
1726 1567 1858 1616 ταύτην
1886 1569 2107 1623 φιλοτησίαν,
2141 1572 2180 1608 οὔ

1147 1625 1325 1679 προῄεσαν
1356 1629 1426 1664 τῶν
1457 1628 1576 1665 οἰκιῶν
1600 1626 1683 1681 πρὶν
1717 1633 1838 1682 φαγεῖν
1871 1628 2047 1680 πήγανον·
2079 1633 2182 1668 τοῦτο

1146 1684 1214 1738 γὰρ
1248 1684 1327 1728 τοὺς
1351 1684 1596 1738 προφαγόντας
1629 1685 1739 1737 μηδὲν
1772 1686 1924 1739 πάσχειν
1953 1687 2116 1730 πίνοντας
2143 1687 2182 1726 τὸ

1149 1743 1327 1783 ἀκόνιτον·
1357 1744 1375 1783 ὃ
1408 1745 1469 1783 καὶ
1492 1745 1668 1792 κληθῆναί
1694 1762 1780 1799 φησι
1810 1745 1867 1785 διὰ
1898 1746 1938 1785 τὸ
1963 1746 2110 1800 φύεσθαι
2146 1748 2180 1785 ἐν

1147 1803 1247 1857 τόπῳ
1282 1802 1438 1848 Ἀκόναις
1478 1804 1708 1858 καλουμένῳ,
1729 1804 1803 1844 ὄντι
1842 1805 1922 1860 περὶΙ
1967 1805 2031 1853 τὴν
2073 1805 2183 1859 Ἡρά-

1146 1865 1279 1902 κλειαν.
1295 1882 1310 1898 ›-

1201 1927 1255 1961 Ex
1274 1924 1455 1961 Heerenii
1491 1925 1678 1962 sententia
1698 1939 1745 1962 ex
1773 1925 2029 1976 Theopompo
2047 1925 2183 1963 hausta

1144 1991 1249 2031 sunt,
1268 1997 1353 2034 quae
1370 1983 1475 2035 apud
1497 1985 1690 2022 Justinum
1708 1988 1815 2031 XVI,
1838 1986 1859 2022 3
1878 1998 1961 2035 sqq.
1991 1984 2038 2022 de
2056 1988 2182 2023 Hera-

1494 2096 1644 2134 LIBER
1674 2096 1836 2134 XXXV.

1624 2172 1710 2205 198.

1195 2225 1423 2266 Theopompus
1440 2233 1527 2265 vero,
1543 2225 1761 2257 Historiarum
1777 2225 1859 2257 libro
1873 2225 2037 2266 trigesimo
2053 2227 2181 2267 quinto,

1153 2271 1265 2304 scribit
1281 2281 1287 2302 :
1302 2285 1318 2300 «
1330 2271 1572 2313 Paphlagonum
1589 2281 1696 2313 regem
1713 2273 1819 2313 Thyn,
1835 2281 1937 2313 quum
1949 2276 2100 2311 coenaret,
2115 2282 2186 2305 cen·

1153 2320 1228 2351 tena
1247 2318 1355 2350 omnia
1372 2327 1493 2350 mensae
1509 2318 1619 2350 inferri
1632 2320 1769 2359 Jussisse
1781 2345 1790 2360 ,
1808 2329 1828 2352 a
1846 2319 1950 2351 bobus
1972 2320 2156 2361 incipiendo
2175 2331 2182 2351 :

1153 2374 1322 2406 quumque
1336 2365 1376 2397 ad
1390 2367 1560 2397 Persarum
1582 2374 1688 2407 regem
1702 2367 1852 2408 captivus
1867 2368 1953 2398 esset
1968 2366 2138 2407 abductus,
2154 2370 2185 2399 et

1153 2413 1187 2445 in
1201 2413 1349 2445 custodia
1361 2415 1557 2454 servaretur,
1571 2422 1686 2446 rursus
1696 2414 1808 2446 eadem
1825 2413 1886 2446 sibi
1905 2414 2022 2455 apponi
2036 2414 2183 2454 jussisse,

1154 2460 1386 2501 splendideque
1404 2460 1538 2492 vixisse.
1558 2462 1672 2501 Itaque
1697 2464 1910 2494 Artaxerxem
1921 2485 1930 2500 ‚
1948 2470 1984 2492 ea
2004 2469 2038 2492 re
2053 2460 2162 2492 audita
2174 2484 2183 2499 ,

1154 2507 1276 2539 dixisse
1287 2531 1296 2547 ‚
1318 2510 1369 2539 sic
1381 2516 1461 2540 eum
1484 2507 1550 2540 sibi
1577 2507 1687 2540 videri
1699 2510 1833 2545 vivere,
1859 2510 1901 2540 ut
1916 2509 1976 2549 qm'
1993 2507 2083 2539 brem·
2100 2509 2186 2539 esset

1148 2556 1347 2596 periturus.

1631 2610 1713 2642 199.

1197 2667 1360 2708 Catanira,
1377 2667 1469 2706 urbs,
1486 2668 1567 2699 teste
1582 2668 1791 2709 Theopompo
1807 2666 1890 2698 libro
1911 2666 2025 2706 quinto
2040 2667 2072 2697 et
2088 2664 2182 2705 trlge-

1155 2713 1238 2746 simo
1258 2714 1520 2756 Philippicorum.

1467 2842 1619 2880 LIBER
1648 2840 1869 2879 XXXVIII.

1624 2923 1715 2955 200.

1198 2983 1260 3016 Hic
1276 2983 1362 3015 enim
1390 2980 1643 3022 (Theopompus)
1663 2982 1779 3011 octavo
1794 2982 1827 3011 et
1842 2978 2007 3011 tricesimo
2032 2977 2187 3010 Historia-v

1157 3041 1229 3063 rum
1246 3031 1339 3070 libro,
1354 3030 1410 3061 ubi
1429 3029 1469 3060 de
1486 3029 1640 3061 clearcho
1656 3030 1775 3066 narrat,
1794 3026 2055 3058 Heracleotarum
2079 3025 2186 3058 Ponti-

1158 3087 1270 3110 corum
1282 3081 1420 3118 tyranno
1433 3100 1442 3115 ‚
1458 3085 1523 3116 quo
1541 3079 1634 3116 paeto
1657 3074 1778 3106 multos
1795 3073 1937 3106 violenta
1953 3075 2058 3105 morte
2076 3072 2188 3104 intere-

1157 3125 1264 3164 merit,
1281 3124 1493 3165 plurimisque
1506 3123 1646 3154 cicutam
1656 3121 1780 3153 dederit
1791 3119 1963 3153 bibendam
1979 3130 1987 3151 z
2001 3133 2015 3147 «
2025 3119 2186 3157 Quoniam

1158 3172 1256 3212 igitur
1263 3178 1387 3208 omnes,
1395 3169 1511 3210 inquit,
1524 3171 1680 3201 noverant
1691 3168 1785 3200 istam
1792 3167 1906 3200 veneni
1917 3167 2188 3209 propinationem,

1159 3227 1223 3250 non
1237 3217 1377 3258 amplius
1390 3216 1635 3257 egi-eallebantur
1650 3216 1801 3248 domibus
1817 3216 1896 3257 quin
1908 3217 2016 3249 rutam
2032 3215 2188 3248 comedis-

1159 3266 1231 3296 sent
1245 3274 1252 3295 :
1271 3264 1414 3304 nam=qui
1431 3264 1490 3295 hac
1506 3266 1614 3295 sumta
1630 3263 1691 3295 sibi
1711 3263 1954 3305 praecavissent,
1968 3272 2024 3296 eos
2039 3263 2121 3295 nihil
2138 3263 2188 3295 lae-

1159 3320 1212 3343 sos
1240 3319 1311 3343 esse
1336 3310 1455 3343 aconiti
1489 3313 1580 3352 potu.
1598 3324 1613 3338 »
1638 3311 1755 3352 Aitque
1781 3311 1928 3343 ibidem:
1949 3324 1964 3338 «
1984 3310 2186 3343 nominatum

1159 3359 1233 3390 inde
1247 3366 1318 3390 esse
1348 3359 1541 3398 aconitum,
1559 3360 1637 3399 quia
1665 3358 1696 3390 in
1719 3359 1808 3397 loco,
1832 3358 1884 3390 cui
1903 3359 2026 3390 Aconoe
2042 3365 2160 3389 nomen
2177 3378 2186 3395 ,

1158 3405 1243 3436 circa
1257 3404 1441 3436 Heracleam
1458 3407 1651 3437 nasceretur.
1669 3419 1684 3433 »ι
