2320 3684
196 200 270 234 458

193 282 257 330 τὴν
279 281 502 335 Ἀκαρνανίαν
523 277 770 340 Ἐρυσιχαίους
786 276 882 320 τινάς
909 292 1012 330 φησιν
1043 277 1214 316 Ἀπολλό-

195 341 302 393 δωρος
320 339 501 390 λέγεσθαι,
519 341 566 375 ὡν
587 335 739 386 Ἀλκμὰν
759 334 947 386 μέμνηται.

662 388 780 490 169.(

442 446 499 490 Χ,
527 455 564 492 p·
588 453 660 488 727
673 470 684 488 ,
783 439 976 492 p-474)
968 469 976 478 ·

196 503 346 554 (Cretae)
364 499 592 553 Σωσικράτης
610 497 695 548 μὲν,
730 496 766 536 ὅν
769 440 888 552 (φησιν
907 498 1070 552 ἀκριὸοῦν
1091 499 1215 538 Ἀπολ·

192 559 341 613 λόδωρος
359 558 401 597 τὰ
417 557 495 611 περὶ
515 556 578 603 τὴν
597 570 721 603 νησον,
746 556 956 611 ἀφορίζεται,
974 573 1006 595 κ.
1022 573 1053 595 τ.
1074 558 1106 595 λ.

245 665 351 702 Idem
386 666 501 709 VIII,
534 675 572 712 p.
602 609 756 708 5211700
783 662 909 714 (338),
932 661 997 700 ubi
1019 662 1066 700 de
1087 663 1213 710 Elide,

190 725 228 762 in
247 737 321 774 qua
341 723 378 762 ss.
399 722 545 767 Selleis,
565 721 612 758 ad
644 734 758 772 quam
780 722 852 759 sita
871 722 1046 772 Ephyra,
1062 721 1214 760 divorsa

189 795 211 819 a
226 782 360 819 ceteris
392 780 581 831 Ephyris,
613 780 726 818 etiarn
742 779 1214 831 Τ1105Ρ101103εἈπολλό-

191 839 296 891 δωρος
317 837 351 876 δὲ
371 837 564 886 διδάσκων,
591 836 627 875 ὃν
647 837 775 890 τρόπον
802 839 820 875 ὁ
851 836 997 884 ποιητὴς
1017 839 1116 875 ειωθε
1136 838 1211 876 δια-

188 895 391 935 στελλεσθαι
407 894 468 939 τας
486 895 706 947 ὁμωνυμίας,
727 889 798 933 οἷον
817 895 874 933 ἐπὶ
893 899 954 934 τοῦ
972 895 1212 948 Ὀρχομενοῦ,

187 969 245 992 τον
261 953 323 1005 μὲν
341 953 541 1007 Ἀρκαδικὸν
558 952 762 1004 πολύμηλον
779 954 915 1002 καλων,
931 952 988 991 τὸν
1009 952 1044 990 δὲ
1066 955 1212 991 Βοιωτι-

187 1011 247 1051 κὸν
268 1012 453 1062 Μινύειον,
472 1013 531 1052 καὶ
551 1013 674 1063 Σάμον
691 1012 881 1066 Θρηϊκίην,
906 1012 1094 1062 συντιθεις,

377 1072 544 1113 Μεσσηγὺς
556 1073 589 1103 δὲ
605 1071 709 1113 Σάμου
724 1073 777 1103 καὶ
794 1071 932 1115 Ἴμὸρου,

187 1116 245 1156 ἵνα
273 1118 411 1172 χωρίσῃ
442 1118 511 1157 ἀπὸ
535 1121 596 1164 τ’ῆς
634 1119 809 1167 Ἰωνικῆς,
842 1117 932 1156 οὕτω
950 1118 1036 1172 φησὶ
1063 1117 1122 1155 καὶ
1148 1117 1211 1164 τὴν

187 1176 443 1230 Θεσπρωτικὴν
457 1175 618 1231 Ἔφυραν
634 1176 897 1215 διαστέλλεσθαι
909 1179 958 1230 τῷ
973 1193 1009 1215 τε
1021 1175 1186 1223 «τηλόθεν
1198 1194 1212 1210 »

186 1235 246 1273 καὶ
277 1238 327 1289 τῷ
351 1239 540 1309 «ποταμοῦ
567 1235 637 1274 ἀπὸ
665 1235 922 1283 Σελλήεντος.»
956 1237 1078 1274 Ἰαῦτα
1099 1235 1128 1272 δ’
1148 1236 1213 1287 οὐχ

187 1295 349 1346 ὁμολογεῖ
375 1300 446 1337 τοῖς
474 1293 541 1332 ὑπὸ
560 1298 621 1332 τοῦ
642 1293 802 1347 Σκηψίου
830 1293 1034 1347 Δημητρίου
1059 1294 1096 1331 λε
1082 1308 1211 1343 εγομε-

186 1367 276 1400 νοις,
297 1353 380 1414 παρ’
397 1356 436 1391 οὗ
457 1351 703 1406 μεταφέρειτὰ
722 1354 881 1390 πλεῖστα.
903 1352 1058 1395 Ἐκεῖνος
1078 1351 1145 1404 γὰρ
1174 1350 1211 1389 οὔ

189 1426 330 1464 φησινε
314 1414 402 1450 εἰναι
422 1410 654 1458 Σελλήεντα’
639 1427 673 1449 εν
693 1413 918 1464 Θεσπρωτοῖς
935 1409 1113 1461 ποταμὸν,
1134 1409 1211 1447 ἀλλ’

187 1470 223 1507 ἐν
243 1472 287 1521 τῇ
318 1469 441 1509 Ἠλεία
467 1468 563 1522 παρὰ
591 1468 654 1516 την
682 1471 752 1507 ἐκεῖ
777 1469 961 1523 Ἔφυραν,
979 1471 1025 1512 ὡς
1048 1467 1212 1522 προείπο-

186 1544 270 1580 μεν,
290 1545 323 1567 κ,
341 1546 372 1568 τ.
391 1531 423 1567 λ.

238 1589 366 1633 Schol.
380 1590 423 1626 Il.
437 1592 485 1637 N,
502 1590 572 1626 301
588 1591 798 1635 :Quattuor
812 1596 900 1625 sunt
917 1586 1031 1625 urbes
1047 1587 1211 1638 Ephyrae

185 1648 340 1685 nomine
358 1662 366 1685 ε
390 1648 462 1685 Νῦν
482 1641 539 1684 οῦν
574 1645 668 1697 λέγει
688 1645 764 1689 τοὺς
783 1645 1019 1696 καλουμένους
1039 1647 1209 1695 Κραννω-

185 1705 276 1748 νίους
293 1707 327 1743 ἐν
342 1704 542 1758 Θεσσαλίᾳ,
561 1707 607 1748 ὡς
626 1703 881 1757 Ἀπολλόδωρος
900 1705 1041 1756 ἱστορεῖ..
1061 1703 1117 1740 Cf.
1139 1706 1211 1740 Eu-

188 1766 300 1802 stath.
323 1765 370 1803 ad
391 1765 463 1803 Od.
482 1769 532 1813 B,
552 1779 590 1816 p.
614 1765 723 1811 1415,
751 1764 811 1802 50.

238 1824 365 1862 Schol.
384 1823 527 1861 codicis
544 1822 843 1873 Hamburgensis
859 1822 919 1859 ad.
937 1824 1048 1859 Hom.
1069 1820 1207 1869 Odyss.

186 1885 237 1929 A,
260 1882 354 1931 259.
378 1880 440 1926 Ἐξ
462 1881 614 1935 Εφύρης
634 1880 775 1919 ἀνιόντα
791 1880 873 1931 παρ’
889 1879 1006 1918 Ἴλλου
1030 1878 1208 1930 Μερμερί-

185 1940 260 1977 δαο.
272 1940 286 1991 ]
304 1940 428 1978 Ἰάσων
448 1939 522 1991 ἅμα
540 1943 583 1992 τῇ
598 1938 768 1991 Μηδεία’
754 1954 788 1976 εν
807 1938 850 1977 'E
837 1937 944 1998 φύρα
957 1940 1018 1983 τῆς
1037 1939 1210 1996 Θεσπρω-

184 1997 261 2041 τίας
278 1997 556 2052 παραγενόμενος
575 1997 667 2049 ἴσχει
688 1996 860 2050 Φέρητα·
881 1991 920 2034 οὗ
945 1994 1207 2048 Μέρμερος·οὓ

183 2053 322 2100 ”·Ιλλος
343 2055 467 2100 οἵτινες
491 2056 718 2095 ἕὸασίλευσαν
739 2057 791 2095 Θε
777 2054 990 2108 εσπρωτίας·
1014 2055 1060 2096 ὡς
1079 2054 1207 2105 ιστορεῖ

187 2114 444 2168 Ἀπολλόδωρος
461 2118 479 2153 6
499 2115 685 2162 Ἀθηναῖος.
708 2133 724 2148 ιι
739 2114 884 2151 Habuit
901 2126 992 2163 ergo
1008 2120 1094 2149 ante
1109 2125 1205 2148 0011-

183 2174 240 2211 105
258 2174 540 2225 Apollodorum
562 2182 600 2211 et
613 2174 664 2220 is,
682 2187 796 2224 quem
813 2171 1014 2222 exscripsit
1030 2170 1204 2207 Eustath.

183 2234 231 2272 ad
246 2248 278 2272 e.
300 2235 324 2273 l.
343 2234 479 2284 Odyss.
499 2248 536 2284 p.
563 2235 675 2282 1416,
695 2234 720 2271 1.
741 2247 776 2272 2.
796 2250 810 2266 υ
832 2236 1009 2280 Heytzius.

250 444 410 491 strabo,
1004 439 1158 492 Μέγεθος
1178 439 1214 479 δὲ

183 2343 259 2376 (13111
289 2344 490 2384 Erysichaeos
520 2352 591 2375 esse
620 2343 664 2375 ait
693 2355 699 2372 :
730 2350 870 2383 quorum
900 2340 1097 2372 mentionem
1131 2338 1208 2370 facit

181 2390 328 2423 Alcman.

224 2495 477 2536 Magnitudinem
502 2495 631 2535 (Cretae
645 2444 668 2535 )1
677 2444 793 2526 ligulae
816 2494 1014 2532 Sosicrates,
1036 2500 1132 2533 quem
1155 2499 1206 2522 res

181 2542 279 2621 ἓξὲξ
304 2542 418 2574 insulae
442 2542 603 2582 exquisite
628 2541 798 2573 tradidisse
823 2540 1038 2582 Apollodorus
1063 2538 1128 2576 ait,
1153 2536 1206 2568 de-

651 2647 737 2680 170.

221 2704 435 2746 Apollodorus
451 2705 569 2737 docens
585 2713 649 2746 qua
665 2704 788 2736 ratione
804 2705 963 2736 Homerus
980 2701 1081 2734 soleat
1096 2701 1206 2732 homo-

182 2759 279 2791 nyma
287 2751 445 2784 vocabula
452 2751 659 2792 distinguere,
666 2752 703 2782 ut
711 2759 810 2791 quum
819 2750 1055 2782 Orchomenum
1062 2747 1205 2779 Arcadiae

183 2810 198 2824 «ι
213 2800 336 2838 pecoris
347 2799 492 2834 divitem,
504 2812 519 2827 »ι
536 2798 667 2830 Boeotiae
679 2797 822 2838 ejusdem
836 2796 977 2828 nominis
990 2795 1102 2827 urbem
1120 2806 1135 2821 ιι
1148 2793 1204 2826 Mi-

180 2846 293 2885 nyium
307 2859 321 2874 n
337 2846 495 2887 appellat:
509 2849 541 2879 et
557 2848 688 2878 Samum
703 2845 872 2876 Thraciam
886 2843 1032 2884 apposito
1045 2842 1204 2882 adiectivo

180 2890 274 2930 dicit,
291 2893 340 2923 vel
357 2892 403 2924 sic
419 2916 428 2931 ‚
445 2905 461 2919 u
478 2894 610 2924 Samum
625 2892 708 2924 inter
723 2892 756 2923 et
775 2891 919 2923 Imbrum
930 2913 939 2928 ‚
954 2902 969 2917 u
987 2890 1024 2920 111
1037 2888 1078 2920 31)
1098 2888 1205 2919 1011103

182 2936 288 2968 11151113
299 2938 474 2978 distinguat
492 2949 499 2970 :
523 2939 569 2971 sic
581 2948 655 2971 eum
671 2939 716 2970 ait
733 2938 828 2970 etiam
845 2936 1084 2977 Thesproticam
1100 2935 1204 2976 Ephy-

182 2992 250 3014 ram
262 2984 455 3025 distinguere
471 2986 511 3017 ab
527 2986 617 3026 aliis,
640 2994 719 3018 voce
742 2985 919 3025 «procul»
943 2984 975 3015 et
990 2992 1039 3015 «a
1052 2982 1204 3024 flumine

185 3041 199 3055 a
218 3030 379 3062 Selleence
396 3045 425 3063 υ.
450 3033 545 3072 Atqui
566 3033 635 3064 11300
655 3040 719 3063 11011
741 3031 937 3063 conveniunt
954 3038 1028 3062 cum
1048 3029 1107 3067 iis,
1130 3036 1204 3068 quae

182 3077 362 3109 Demetrius
384 3079 531 3119 Scepsius
555 3079 653 3118 dicit,
672 3087 690 3110 a
708 3086 773 3118 quo
789 3079 849 3110 iste
869 3078 1019 3118 pleraque
1039 3075 1200 3108 transfert.

181 3122 243 3154 Hic
255 3123 339 3153 enim
352 3132 416 3155 non
439 3125 471 3156 in
495 3125 698 3166 Thesprotis,
713 3125 768 3156 sed
785 3125 817 3156 in
840 3124 915 3156 Elea
933 3122 1018 3164 apud
1040 3122 1202 3163 Ephyram

183 3168 251 3199 illic
266 3169 359 3200 sitam
376 3171 471 3202 tradit
488 3171 606 3203 flumen
623 3181 694 3203 esse
716 3172 902 3204 Selleentem
915 3194 924 3210 ‚
941 3172 978 3203 ut
998 3170 1057 3211 ipsi
1075 3178 1203 3210 quoque

183 3213 216 3245 in
239 3216 499 3249 antecedentibus
516 3218 693 3250 docuimus.

224 3261 294 3292 H'oc
308 3260 379 3292 loco
396 3263 552 3294 Homerus
582 3263 631 3304 [11.
645 3266 672 3296 N
685 3287 693 3302 ,
709 3263 781 3305 301]
804 3263 982 3296 Cranonios
1014 3262 1093 3303 (qui
1109 3262 1201 3294 antea

182 3307 335 3348 Ephyreei
352 3308 560 3349 dicebantur)
578 3311 745 3350 intelligit,
762 3313 800 3342 ut
816 3313 924 3342 narrat
942 3309 1168 3350 Apollodorus.

223 3356 319 3386 Iason
351 3355 487 3395 Ephyrae
503 3379 512 3394 ,
542 3357 740 3397 Thesprotiae
767 3357 844 3389 urbe
858 3381 867 3396 ,
895 3365 960 3388 una
988 3365 1062 3388 cum
1089 3356 1200 3388 Medea

182 3400 329 3434 versatus
345 3409 384 3434 ex
400 3409 436 3433 ea
452 3401 550 3432 filium
567 3404 707 3443 suscepit
727 3404 891 3436 Pheretem
905 3415 913 3443 ;
935 3403 1031 3443 hujus
1050 3406 1100 3435 est
1120 3404 1199 3435 Mer-

898 176 1228 230 APOLLODORI
1256 191 1589 235 FRAGMENTA.

1325 282 1498 320 Eustath.
1515 283 1564 320 ad
1580 284 1719 334 Odyss.
1736 288 1779 331 B,
1793 286 1891 322 328:
1906 284 1956 324 fl
1973 286 2032 324 και
2047 286 2116 327 απὸ
2140 287 2206 342 ’φΕ
2183 287 2292 343 φύρης

1272 340 1335 384 τῆς
1369 341 1694 394 προῖστορηθείσης,
1723 345 1785 389 τῆς
1808 342 1864 381 διὰ
1883 343 2041 391 Μήδειαν
2060 347 2292 401 πολυφαρμά-

1273 411 1356 444 κου,
1377 399 1422 442 ὡς
1440 401 1568 452 ἱστορεῖ
1586 399 1840 491 ἈπολλόδῙαῧριος
1859 404 1876 439 ὃ
1894 402 2079 449 Ἀθηναῖος.

1325 502 1484 541 Suidas:
1502 503 1708 555 Κάλυμνος,
1728 506 1781 543 δ’
1765 521 1799 543 εν
1818 504 1986 560 Αἰγύπτῳ
2004 513 2118 552 σῖτος·
2137 509 2213 548 ἀντὶ
2231 514 2292 548 τοῦ

1274 559 1486 611 Καλύμνιος·
1510 561 1555 601 Ὁ
1573 562 1640 617 γὰρ
1661 563 1914 617 Φιλάδελφος’
1899 579 1938 602 εκ
1955 566 2147 606 Καλυδνῶν
2169 567 2291 619 (editt.

1273 619 1494 664 Καλυδῶνος)
1516 620 1691 673 μετήγαγε
1708 621 1747 660 τὸ
1763 621 1914 675 σπέρμα.
1936 622 1980 661 Ὁ
1998 622 2064 676 (δὲ)
2085 624 2294 664 Ἀπολλόδω-

1274 692 1329 728 ρος
1348 677 1433 732 φησι
1449 677 1610 730 λέγεσθαι
1629 678 1848 723 Καλύδναςε
1831 696 1876 723 ως
1895 680 2074 725 Καλύὸας.

1325 738 1490 787 Etymol.
1511 742 1577 775 M:
1597 737 1785 789 Κάλυμνος
1801 741 1818 776 6
1838 739 1872 776 ἐν
1894 738 2063 793 Αἰγύπτῳ
2083 746 2187 785 σῖτος.
2202 740 2293 780 Ἀντὶ

1271 798 1331 833 τοῦ
1364 795 1576 847 Καλύμνιος.
1610 796 1654 836 Ὁ
1680 796 1746 849 γὰρ
1781 797 2002 851 Φιλάδελφος
2030 799 2069 836 ἐκ
2101 799 2292 838 Καλυδνῶν

1276 854 1464 906 μετήνεγκε
1481 855 1522 894 τὸ
1542 855 1692 926 σπέρμα.
1715 874 1729 890 τι
1746 855 1884 902 Νήσους
1900 872 1938 894 τε
1956 856 2191 907 Καλυδνὰς»,
2217 857 2256 902 ἃς
2275 861 2304 908 ὁΔ

1273 911 1527 967 Ἀπολλόδωρος
1543 913 1626 967 φησὶ
1643 913 1804 965 λέγεσθαι
1823 914 2041 959 Καλύδναςε
2023 931 2069 959 ως
2087 915 2265 960 Καλύὸας.

1326 975 1519 1010 Postrema
1549 981 1720 1023 spectant
1744 973 1791 1010 ad
1813 974 1857 1010 Il.
1882 975 1933 1020 B,
1965 975 2012 1010 6
1994 988 2053 1030 77.
2074 975 2130 1013 Cf.
2161 975 2208 1014 de
2234 974 2294 1013 his

1273 1029 1451 1078 Calydnis
1481 1031 1631 1078 insulis,
1666 1031 1764 1068 sicut
1793 1031 1838 1068 de
1866 1031 1938 1068 illis
1970 1045 2054 1082 quae
2086 1046 2106 1070 e
2138 1033 2294 1084 regione

1271 1088 1392 1137 Trojae
1410 1089 1522 1138 juxta
1538 1089 1734 1127 Tenedum
1755 1090 1835 1127 sitae
1853 1098 1975 1138 erant,
1991 1090 2130 1128 Strabo
2157 1094 2207 1129 X·
2225 1104 2295 1129 ex-

1274 1154 1380 1183 trem.
1396 1175 1406 1192 ,
1434 1149 1550 1194 XIII,
1575 1160 1612 1197 p.
1646 1160 1734 1196 900,
1760 1147 1894 1198 81οΡ11.
1921 1151 2022 1198 Byz.‚
2043 1149 2214 1187 Eustath.
2245 1149 2294 1186 ad

1272 1204 1431 1254 Dionys.
1454 1204 1542 1251 530,
1554 1205 1798 1256 Lycophron.
1811 1206 1873 1252 25,
1891 1207 1932 1243 O.
1947 1206 2100 1246 Mfiller.
2112 1207 2292 1245 orchom.

1271 1265 1301 1311 I,
1322 1276 1359 1312 p.
1383 1276 1467 1312 109,
1488 1269 1574 1307 421.

1239 1286 1281 1530 Ι
1373 1325 1376 1328 ι
1738 1315 1822 1353 172.

1325 1367 1464 1405 Strabo
1480 1371 1594 1415 VIII,
1625 1381 1662 1418 p.
1684 1368 1778 1416 568,
1809 1372 1836 1407 C
1858 1367 1911 1420 (p.
1934 1369 2048 1420 37o):
2069 1369 2158 1423 Περὶ
2177 1368 2213 1407 δὲ
2228 1372 2293 1416 τῆς

1271 1424 1440 1469 Ἑλλάδος
1465 1425 1524 1463 καὶ
1553 1425 1734 1473 Ἑλλήνων
1766 1424 1826 1464 καὶ
1853 1427 2088 1475 Πανελλήνων
2119 1427 2293 1479 ἀντιλέγε-

1271 1501 1339 1523 ται.
1411 1485 1669 1539 Ἀπολλόδωρος
1687 1485 1722 1524 δὲ
1740 1486 1863 1537 μόνους
1879 1486 1956 1531 τοὺς
1983 1489 2018 1526 ἐν
2043 1490 2087 1541 τῇ
2116 1488 2294 1543 Θετταλίᾳ

1271 1546 1450 1583 καλεῖσθαι
1467 1544 1571 1597 φησὶν
1590 1544 1771 1592 ’Έλληνας
1791 1545 1849 1597 (11.
1868 1547 1910 1592 B,
1929 1546 2042 1596 6811)·

1446 1603 1636 1645 Μυρμιδόνες
1652 1605 1679 1634 δ’
1701 1604 1864 1636 ἐκαλοῦντο
1880 1606 1932 1636 καὶ
1948 1605 2104 1643 Ἕλληνες.

1272 1649 1432 1688 Ἡσίοδον
1453 1649 1571 1701 μέντοι
1591 1651 1650 1688 καὶ
1668 1651 1872 1704 Ἀρχίλοχον
1892 1652 1959 1699 ἤδη
1982 1650 2108 1690 εἰδέναι
2122 1652 2181 1689 καὶ
2197 1651 2294 1690 ιἝλλ-

1270 1710 1376 1755 ληνας
1393 1708 1555 1761 λέγεσθαι
1570 1709 1649 1752 τοὺς
1665 1709 1870 1759 σύμπαντας
1888 1710 1946 1748 καὶ
1971 1709 2195 1758 Πανέλληνας
2209 1725 2218 1734 ·
2235 1709 2292 1749 τὸν

1272 1768 1333 1819 μὲν
1353 1769 1432 1822 περὶ
1454 1769 1647 1822 Προιτίδων
1664 1768 1829 1820 λέγοντα,
1851 1772 1897 1813 ὥς
1913 1788 1928 1804 «ι
1944 1769 2167 1817 Πανέλληνες
2185 1770 2293 1821 ἐμνή-

1271 1845 1388 1868 στευον
1426 1829 1580 1877 αὖτὰς,»
1610 1828 1668 1867 τὸν
1689 1828 1744 1878 δὲ,
1777 1832 1824 1873 ὡς
1852 1829 2118 1878 «Πανελλήνων
2149 1830 2241 1876 ὀϊζὺς
2259 1831 2293 1874 ἐς

1270 1887 1389 1926 Θάσον
1409 1887 1632 1941 συνέδραμεν.
1651 1906 1666 1922 »

1322 1993 1460 2031 Strabo
1478 1996 1550 2036 VI,
1569 2006 1605 2043 p.
1627 1994 1724 2043 390,
1745 1996 1773 2030 B
1803 1993 1855 2044 (p.
1879 1993 1970 2040 254)
1991 2007 2000 2030 :
2019 1991 2243 2039 Φιλοκτήτου
2261 1993 2292 2031 δ’

1269 2050 1341 2089 εστὶ
1361 2050 1420 2089 καὶ
1437 2054 1459 2098 ἡ
1481 2049 1616 2088 παλαιὰ
1636 2050 1793 2103 Κρίμισα
1808 2050 1887 2103 περὶ
1914 2049 1990 2094 τοὺς
2010 2050 2134 2094 αὐτοὺς
2151 2050 2289 2094 τόπους.

1268 2109 1525 2162 Ἀπολλόδωρος
1545 2108 1582 2147 δὲ
1609 2110 1644 2146 ἐν
1669 2115 1740 2152 τοῖς
1754 2109 1843 2161 Περὶ
1863 2111 1969 2157 νεῶν,
1988 2112 2049 2147 τοῦ
2068 2109 2290 2154 Φιλοκτήτου

1269 2168 1444 2219 μνησθεὶς,
1458 2167 1571 2218 λέγειν
1586 2166 1680 2211 τινὰς
1697 2168 1801 2221 φησὶν
1815 2198 1825 2216 ,
1839 2169 1885 2210 ὡς
1903 2169 1948 2211 εἷς
1963 2166 2027 2214 τὴν
2052 2169 2288 2218 Κροτωνιᾶτιν

1271 2226 1478 2280 ἀφικόμενος
1511 2225 1691 2278 Κρίμισαν
1727 2225 1836 2279 ἄκραν
1872 2225 2022 2274 οἰκίσαι,
2064 2224 2124 2263 καὶ
2161 2224 2287 2272 Χώνην

1262 2345 1390 2375 merus,
1411 2336 1506 2375 hujus
1525 2335 1622 2375 illus,
1642 2335 1697 2376 qui
1723 2335 1757 2366 in
1782 2334 1969 2376 Thesprotia
1985 2335 2218 2375 regnaverunt,
2245 2342 2288 2366 re-

1262 2384 1383 2415 ferente
1405 2383 1599 2423 Apollodoro
1622 2381 1822 2414 Atheniensi.

1303 2430 1433 2470 Ephyra
1445 2454 1453 2470 ,
1471 2431 1599 2470 propter
1618 2429 1763 2461 Medeam
1779 2428 1910 2461 venenis
1926 2428 2111 2469 abundans,
2128 2430 2164 2460 ut
2178 2429 2288 2461 narrat

1262 2476 1475 2518 Apollodorus
1497 2475 1714 2508 Atheniensis.
1730 2523 1799 2556 171

1302 2571 1482 2611 Κάλυμνος,
1497 2569 1696 2601 frumentum
1714 2568 1898 2609 AEgyptium
1914 2578 1921 2599 :
1938 2576 1998 2609 pro
2011 2568 2196 2608 Καλύμνιος.
2216 2566 2285 2599 Ρ111-
2318 2610 2320 2612 ¹

1261 2617 1428 2657 lade-lphus
1445 2617 1530 2648 enim
1555 2625 1595 2648 ex
1618 2615 1732 2647 insulis
1745 2614 1898 2655 Calydnis
1924 2622 2032 2646 semen
2055 2614 2087 2645 in
2111 2615 2284 2654 AEgyptum

1260 2663 1435 2695 transtulit.
1456 2662 1668 2703 Apollodorus
1684 2661 1958 2741 1131111712Καλὺδνας
1978 2660 2040 2693 dici
2056 2663 2093 2692 ut
2113 2659 2266 2696 Καλύὸας.

1303 2758 1350 2787 De
1378 2755 1510 2787 Hellade
1526 2778 1534 2794 ,
1566 2756 1599 2787 et
1622 2754 1662 2786 de
1683 2754 1870 2786 Hellenibus
1898 2763 1936 2786 ac
1965 2753 2210 2785 Panhellenibus
2234 2761 2284 2788 res

1260 2802 1356 2834 habet
1377 2802 1641 2833 controversiam.
1727 2801 1941 2841 Apollodorus
1963 2800 2049 2831 solos
2069 2808 2145 2839 eos,

1259 2846 1422 2879 Thessalia
1437 2847 1548 2885 erant,
1570 2846 1718 2878 Hellenes
1735 2845 1885 2886 appellari
1901 2845 1942 2877 ab
1957 2847 2098 2877 Homero
2113 2844 2161 2876 ait
2177 2853 2186 2876 ε

1403 2893 1617 2931 Myrmidones
1632 2893 1794 2932 dicuntur,
1812 2900 1842 2921 et
1858 2892 2010 2922 Hellenos.

2169 2800 2226 2840 qui
2247 2797 2282 2830 111
2308 2800 2320 2847 3*

1258 2939 1435 2971 Hesiodum
1451 2940 1559 2970 tamen
1576 2940 1608 2970 et
1619 2938 1845 2970 Archilochum
1854 2936 1919 2978 jam
1938 2937 2084 2973 scivisse,
2097 2935 2192 2968 etiam
2206 2935 2280 2968 nel·
2303 2938 2312 2963 έ

1259 2985 1344 3017 101105
1357 2985 1421 3016 (1101
1435 2993 1547 3016 omnes
1563 2985 1693 3015 Graecos
1707 2987 1739 3016 et
1757 2985 1962 3016 Panhellenes
1972 3007 1981 3022 ,
1996 2991 2134 3023 quorum
2147 2982 2227 3014 alter
2239 2981 2280 3014 de
2306 3011 2307 3014 ,

1258 3031 1451 3064 Proetidibus
1462 3030 1590 3069 dixerit,
1602 3030 1810 3062 Panhellenes
1823 3030 2004 3070 (universos
2013 3029 2155 3068 Graecos)
2170 3036 2279 3060 earum
2304 3039 2306 3042 ·

1258 3078 1405 3118 conjugia
1427 3077 1601 3109 ambivisse
1625 3086 1632 3107 :
1656 3076 1746 3116 alter,
1775 3076 2005 3109 Panhellenum
2027 3075 2126 3107 robur
2139 3074 2278 3107 Thasum
2308 3083 2312 3094 ⁷

1257 3124 1467 3156 concurrisse.

1723 3170 1738 3202 1
1749 3171 1769 3202 7
1777 3170 1810 3202 3.

2298 3152 2320 3175 {-

2299 3179 2311 3193 η

1298 3216 1482 3249 Philoctetae
1505 3224 1587 3256 opus
1608 3218 1656 3247 est
1680 3215 1778 3246 etiam
1806 3214 1947 3246 Crimisa
1969 3215 2082 3248 vetus,
2108 3213 2220 3245 eadem
2244 3212 2275 3244 in
2299 3207 2308 3252 'f'

1255 3264 1383 3304 regione
1397 3263 1455 3303 (sc.
1470 3262 1503 3293 in
1518 3261 1684 3301 Lucania).
1705 3261 1919 3302 Apollodorus
1939 3260 1971 3292 in
1983 3259 2221 3292 Commentario
2237 3258 2276 3291 de

1255 3310 1415 3349 naw'bus,
1442 3309 1524 3341 sacta
1549 3308 1738 3340 Philoctetae
1766 3308 1952 3347 mentione,
1978 3306 2136 3348 quosdam
2161 3306 2206 3337 ait
2230 3313 2265 3337 re

1255 3356 1336 3388 ferre
1347 3380 1356 3395 ,
1370 3364 1444 3388 eum
1456 3380 1465 3395 ,
1483 3364 1584 3396 quum
1602 3355 1634 3386 in
1651 3355 1910 3386 crotoniatarum
1927 3353 2124 3394 pervenisset
2139 3359 2251 3392 agrum
2262 3374 2272 3389 ,

1255 3403 1426 3435 Crimisam
1454 3410 1557 3434 arcem
1582 3400 1787 3439 condidisse,
1811 3408 1969 3441 superque
1991 3408 2028 3431 ea
2051 3398 2163 3430 urbem
2191 3397 2272 3430 cho·
