2320 3684
656 135 986 176 APOLLODORI
1021 136 1382 176 BIBLIOTHECAE
1412 137 1470 187 ΙΙ,
1500 142 1536 174 4.

2081 143 2144 174 131

37 231 235 268 ἀναστᾶσαι
260 228 319 266 τὸν
345 225 486 280 Περσέα
513 225 677 282 ἐδίωκον,
702 223 762 261 καὶ
791 223 940 261 συνιδεῖν
963 223 1066 261 αὒτὸν
1125 235 1279 268 excitatae
1302 238 1457 269 Perseum
1478 235 1644 268 insectatae
1675 237 1772 274 sunt,
1796 233 1851 266 sed
1878 233 1988 266 videre
2017 233 2059 265 ob
2077 234 2153 266 Orci

36 290 99 327 οὐκ
117 287 282 326 ἐδύναντο
312 286 369 324 διὰ
394 284 458 332 τὴν
487 286 608 330 κυνῆν·
638 280 881 335 ἀπεκρύπτετο
911 279 979 334 γὰρ
1008 281 1067 319 ὑπ’

36 347 156 393 αὐτῆς.
292 359 304 385 Ι

90 406 106 430 ²
119 401 408 465 Παραγενόμενος
417 400 453 439 δὲ
465 402 513 444 εἷς
528 398 726 447 Αἰθιοπίαν,
736 391 778 445 ἧς
794 397 975 436 ἐὸασίλευε
994 399 1070 445 Κη-

37 462 141 514 φεὺς,
164 465 241 516 εὗρε
259 460 324 509 τὴν
348 458 471 499 τούτου
492 456 665 512 θυγατέρα
690 455 925 510 Ἀνδρομέδαν
949 471 1070 510 παρα-

35 520 201 573 κειμένην
222 518 325 572 βορὰν
352 517 531 570 θαλασσίῳ
558 515 670 564 κήτει.
696 513 944 554 3Κασσιέπεια
959 512 1027 568 γὰρ
1047 517 1069 561 ἡ

39 579 193 634 Κηφέως
211 576 298 630 γυνὴ
318 572 494 629 Νηρηίσιν
515 575 616 629 ἤρισε
634 574 714 627 περὶ
733 573 895 621 κάλλους,
921 572 981 610 καὶ
999 588 1071 610 πα-

38 641 110 677 σῶν
131 631 219 676 εἶναι
237 635 407 691 κρείσσων
422 635 590 687 ηὔχησεν.
610 633 720 673 (Ὀθεν
742 635 778 671 αἱ
793 628 968 686 Νηρηΐδες
985 631 1070 683 ἐμή-

38 711 155 744 νισαν,
175 694 233 733 καὶ
249 695 452 742 Ποσειδῶν,
471 694 592 735 αὐταῖς
611 689 865 744 συνοργισθεὶς,
893 687 1072 740 πλημμύ-

42 771 104 809 ραν
122 770 160 793 τε
176 753 234 792 ἐπὶ
253 752 316 800 τὴν
337 751 456 805 χώραν
474 750 608 804 ἔπεμψε
631 749 690 788 καὶ
719 752 834 796 κῆτος.
855 748 870 773 ⁴
883 746 1075 799 Ἄμμωνος

41 812 79 852 δὲ
98 811 294 866 χρήσαντος
316 810 380 858 τὴν
413 808 623 861 ἀπαλλαγὴν
648 811 711 855 τῆς
737 812 939 861 συμφορᾶς,
972 805 1031 844 ἐὰν
1050 808 1072 852 ἡ

42 870 279 916 Κασσιεπείας
304 869 460 923 θυγάτηρ
478 867 694 923 Ἀνδρομέδα
718 868 870 923 προτεθῇ
898 867 949 921 τῷ
974 863 1075 911 κήτει

39 928 144 984 βορὰ,
163 932 265 968 τοῦτο
284 927 513 979 ἀναγκασθεὶς
526 930 544 966 ὁ
565 925 705 980 Κηφεὺς
722 924 789 966 ,ὑπὸ
809 926 879 962 τῶν
896 921 1074 963 Αἰθιόπων

40 986 190 1044 ἔπραξε,
220 987 279 1026 καὶ
305 987 502 1042 προσέδησε
520 984 584 1033 τὴν
603 983 776 1038 θυγατέρα
803 982 927 1036 πέτρᾳ.
945 983 961 1008 ⁵
978 980 1077 1022 Ταύ-

41 1065 106 1098 την
127 1040 339 1101 θεασάμενος
359 1051 377 1087 ὁ
399 1045 567 1102 Περσεὺς,
596 1045 656 1084 καὶ
683 1044 853 1099 ἐρασθεὶς,
874 1042 1075 1097 ἀναιρήσειν

44 1107 218 1160 ὑπέσχετο
238 1109 356 1163 Κηφεῖ
373 1106 413 1145 τὸ
429 1109 535 1153 κῆτος
546 1137 556 1155 ,
588 1106 617 1143 εἷ
635 1103 758 1156 μέλλει
778 1106 949 1142 σωθεῖσαν
967 1100 1076 1149 αὐτὴν

46 1165 142 1219 αὐτῷ
161 1163 284 1204 δώσειν
305 1170 467 1217 γυναῖκα.
480 1162 566 1202 Ἐπὶ
586 1160 721 1205 τούτοις
736 1159 932 1213 γενομένων
951 1158 1077 1214 ὅρκων,

46 1222 200 1268 ὑποστὰς
216 1223 257 1262 τὸ
275 1227 380 1271 κῆτος
400 1223 548 1271 ἔκτεινε,
575 1221 635 1260 καὶ
659 1220 723 1268 τὴν
745 1219 976 1274 Ἀνδρομέδαν
994 1217 1076 1257 ἔλυ-

46 1297 116 1321 σεν.
141 1281 471 1327 6Ἰ·]πι6ουλει.ἷιονϊος,·
490 1281 527 1319 δὲ
541 1283 635 1335 αὐτῷ
655 1279 812 1329 Φινέως,
826 1278 862 1322 ὃς
875 1273 917 1326 ἧν
935 1277 1081 1332 ἀδελφὸς

45 1340 118 1382 ’ποῦ’
134 1340 304 1396 Κηφέως,
336 1340 553 1395 ἐγγυώμενος
577 1342 715 1393 πρῶτος
744 1340 809 1386 τὴν
832 1337 1079 1392 Ἀνδρομέδαν,

46 1399 171 1452 μαθὼν
192 1399 256 1449 τὴν
277 1393 482 1448 ἐπιδουλὴν,
501 1398 566 1447 τὴν
580 1397 738 1453 Γοργόνα
755 1396 885 1446 δείξας,
907 1395 997 1448 μετὰ
1009 1397 1078 1435 τῶν

48 1458 410 1500 συνεπιὸουλευόντων
431 1458 535 1497 αὐτὸν
556 1457 701 1496 ἐλίθωσε
720 1458 956 1511 παραχρῆμα.

104 1516 417 1572 7Παραγενόμενος
448 1515 485 1555 δὲ
512 1518 559 1560 εἷς
576 1514 741 1570 Σέριφον,
776 1514 836 1554 καὶ
868 1511 1087 1552 καταλαὸὼψ

47 1576 351 1631 προσπεφευγυῖαν
378 1581 450 1619 τοῖς
477 1577 608 1627 βωμοῖς
635 1572 726 1626 μετὰ
749 1576 811 1611 τοῦ
840 1572 989 1615 Δίκτυος
1016 1570 1080 1618 τὴν

49 1634 187 1689 μητέρα
207 1634 264 1673 διὰ
281 1633 346 1682 τὴν
371 1632 597 1674 Πολυδέκτου
625 1632 725 1686 βίαν,
755 1629 918 1671 εἰσελθὼν
946 1631 992 1674 εἷς
1021 1629 1080 1672 τὸν

51 1692 213 1748 βασιλέα,
233 1691 512 1745 συγκαλέσαντος
530 1695 593 1730 τοῦ
609 1689 835 1732 Πολυδέκτου
850 1688 931 1732 τοὺς
950 1688 1081 1743 φίλους,

51 1751 340 1808 ἀπεστραμμένος
358 1751 422 1800 τὴν
439 1750 596 1806 κεφαλὴν
620 1748 791 1804 Γοργόνος
809 1747 933 1793 ἔδειξε·
957 1750 1026 1786 τῶν
1045 1746 1081 1786 δὲ

51 1815 207 1861 ἰδόντων,
216 1817 336 1854 ὁποῖον
348 1813 492 1859 ἕκαστος
500 1812 605 1866 ἔτυχε
617 1814 742 1865 σχῆμα
753 1810 859 1865 ἔχων,
868 1808 1081 1857 ἀπελιθώθη.

49 1872 307 1920 ί’Καταστήσας
318 1871 354 1912 δὲ
366 1875 429 1920 τῆς
446 1871 596 1928 Σερίφου
604 1871 733 1911 Δίκτυν
750 1868 911 1924 βασιλέα,
923 1867 1084 1908 ἀπέδωκε

51 1933 96 1973 τὰ
116 1932 179 1986 μὲν
198 1931 325 1972 πέδιλα
343 1931 403 1971 καὶ
420 1931 484 1980 τὴν
507 1930 637 1970 κίὸισιν
657 1930 717 1969 καὶ
737 1928 801 1978 τὴν
823 1932 930 1976 κυνῆν
949 1928 1082 1983 Ἑρμῇ·

51 1991 116 2040 τὴν
148 1990 185 2030 δὲ
214 1990 371 2045 κεφαλὴν
397 1994 460 2038 τῆς
482 1989 655 2045 Γοργόνος
681 1989 821 2045 Ἀθηνᾷ.
850 1988 989 2041 Ἑρμῆς
1020 1985 1082 2038 μὲν

51 2045 112 2090 οῧν
137 2049 182 2089 τὰ
208 2049 447 2104 προειρημένα
475 2049 582 2088 πάλιν
613 2047 776 2086 ἀπέδωκε
807 2052 884 2090 ταῖς
905 2045 1083 2099 Νύμφαις·

54 2109 182 2158 Ἀθηνᾶ
211 2107 248 2147 δὲ
271 2111 306 2148 ἐν
338 2108 429 2162 μέσῃ
450 2111 494 2161 τῇ
513 2107 635 2146 ἀσπίδι
662 2111 724 2155 τῆς
752 2105 925 2159 Γοργόνος
945 2104 1008 2152 τὴν
1027 2121 1086 2143 κε-

55 2169 168 2223 φαλὴν
186 2167 345 2216 ἀνέθηκε.
370 2167 540 2220 9Λέγεται
557 2166 593 2205 δὲ
612 2166 670 2205 ὑπ’
688 2164 864 2215 ἐνίων,ὂ’τι
881 2165 924 2203 δι’
942 2165 1086 2212 Ἀθηνᾶς

54 2231 78 2276 ἡ
107 2227 274 2268 Μέδουσα
306 2226 566 2280 ἐκαρατομήθη.
603 2225 704 2265 Φασὶ
735 2223 797 2274 δὲ,
826 2223 880 2263 ὅτι
912 2223 972 2262 καὶ
1003 2223 1085 2277 περὶ

53 2287 204 2332 κάλλους
219 2286 390 2335 ἠθέλησεν
410 2289 433 2334 ἧ
451 2285 574 2340 Γοργὼ
592 2287 680 2338 αὐτῇ
699 2287 939 2338 συγκριθῆναι.

110 2346 165 2398 (4)
201 2343 360 2399 Περσεὺς
401 2343 438 2383 δὲ
475 2342 565 2395 μετὰ
588 2343 729 2391 Δανάης
764 2342 824 2381 καὶ
857 2341 1086 2396 Ἀνδρομέδας

57 2404 220 2444 ἔσπευδεν
239 2406 286 2448 εἷς
301 2402 424 2458 Ἄργος
441 2434 451 2452 ,
483 2401 541 2441 ἵνα
568 2401 741 2456 Ἀκρίσιον
761 2401 943 2449 θεάσηται.
973 2400 1019 2440 ‘O
1049 2400 1085 2440 δὲ

59 2462 220 2506 δεδοικὼς
246 2462 305 2501 τὸν
339 2461 501 2516 χρησμὸν
517 2492 528 2510 ,
565 2459 747 2499 ἀπολιπὼν
776 2459 898 2514 Ἄργος
915 2490 926 2509 ,
955 2461 1003 2503 εἷς
1021 2459 1085 2508 τὴν

59 2523 301 2575 Πελασγιῶτιν
323 2519 483 2575 ἐχώρησε
507 2522 583 2571 γῆν.
606 2515 834 2570 2Τευταμίου
863 2517 899 2556 δὲ
918 2521 979 2556 τοῦ
1005 2520 1085 2557 Λαν-

60 2579 226 2634 ρισσαίων
247 2578 416 2632 βασιλέως
439 2578 497 2616 ἐπὶ
515 2577 760 2631 κατοιχομένῳ
780 2579 830 2630 τῷ
848 2576 956 2630 πατρὶ
975 2577 1088 2615 διατι-

59 2637 174 2683 θέντος
191 2637 359 2690 γυμνικὸν
386 2639 526 2689 ἀγῶνα,
552 2635 764 2690 παρεγένετο
788 2635 849 2674 καὶ
869 2638 886 2674 ὁ
916 2635 1087 2689 Περσεὺς,

60 2696 298 2749 ἀγωνίσασθαι
320 2695 429 2735 θέλων
442 2711 449 2719 ·
477 2693 731 2747 ἀγωνιζόμενος
747 2693 783 2732 δὲ
801 2692 1008 2743 πένταθλον,
1027 2694 1086 2733 τὸν

60 2754 176 2795 δίσκον
201 2755 259 2794 ἐπὶ
284 2754 343 2794 τὸν
363 2754 537 2809 Ἀκρισίου
565 2753 657 2793 πόδα
687 2753 804 2807 βαλὼν
820 2784 830 2803 ,
865 2756 1088 2808 παραχρῆμα

46 2812 258 2855 ηᾶπέκτεινεν
281 2812 398 2852 αὐτόν.
419 2811 653 2865 3Αἶσθόμενος
675 2811 712 2851 ’δὲ
730 2812 788 2851 τὸν
808 2811 969 2867 χρησμὸν
988 2828 1088 2851 τετε-

61 2871 241 2924 λεσμένον,
260 2872 318 2911 τὸν
341 2870 403 2924 μὲν
430 2871 600 2926 Ἀκρίσιον
621 2870 687 2916 ἔξω
705 2873 767 2918 τῆς
795 2870 930 2915 πόλεως
949 2870 1087 2925 ἔθαψεν·

62 2930 310 2984 αἰσχυνόμενος
339 2930 375 2970 δὲ
401 2933 448 2974 εἷς
470 2930 593 2986 Ἄργος
618 2931 816 2970 ἐπανελθεῖν
842 2929 900 2968 ἐπὶ
918 2929 976 2969 τὸν
997 2932 1089 2978 κλῆν-

64 3003 122 3041 ρον
139 2993 200 3028 τοῦ
220 2989 262 3030 δι’
283 2991 388 3028 αὐτοῦ
413 2987 719 3037 τετελευτηκότος,
739 2987 1023 3041 παραγενόμενος
1043 2991 1090 3033 εἷς

65 3046 237 3100 Τίρυνθα,
257 3047 342 3102 πρὸς
365 3048 423 3086 τὸν
450 3048 602 3101 Προίτου
629 3048 739 3087 παῖδα
766 3046 1001 3099 Μεγαπένθην
1020 3049 1089 3094 ἠλ-

65 3106 212 3157 λάξατο,
239 3107 352 3162 τούτῳ
385 3125 423 3147 τε
442 3109 482 3148 τὸ
505 3108 628 3163 Ἄργος
655 3108 854 3162 ἐνεχείρισε.
882 3110 900 3135 4
917 3108 990 3148 Καὶ
1010 3110 1090 3149 Με-

64 3164 237 3216 γαπένθης
267 3165 331 3218 μὲν
371 3166 596 3207 ἐδασίλευσεν
631 3166 793 3220 Ἀργείων
812 3197 822 3215 ,
858 3166 1015 3219 Περσεὺς
1053 3164 1090 3203 δὲ

62 3224 230 3279 Τίρυνθος
244 3257 254 3275 ,
305 3227 553 3281 προστειχίσας
595 3227 743 3266 Μίδειαν
796 3227 855 3265 καὶ
908 3226 1089 3273 Μυκήνας.

67 3282 124 3335 (5)
151 3284 336 3336 Ἐγένοντο
355 3285 392 3325 δὲ
418 3286 452 3331 ἐξ
471 3286 700 3341 Ἀνδρομέδας
716 3286 839 3330 παῖδες
865 3287 983 3338 αὐτῷ,
1007 3285 1088 3338 πρὶν

67 3340 130 3393 μὲν
148 3343 257 3382 ἐλθεῖν
281 3345 327 3387 εἷς
351 3343 414 3392 -ι-ὴν
430 3344 603 3395 Ἑλλάδα,
624 3344 779 3399 Πέρσης,
804 3343 841 3383 ὃν
855 3342 954 3397 παρὰ
971 3345 1088 3396 Κηφεῖ

1122 293 1245 333 galeam
1268 303 1334 327 non
1348 297 1539 336 potuerunt;
1563 303 1601 328 ea
1622 294 1709 327 enim
1725 293 1993 327 abscondebatur.

1169 412 1183 432 2
1197 409 1261 446 Qui
1275 418 1377 450 quum
1399 411 1432 442 in
1448 411 1644 453 AEthiopiam
1677 411 1898 453 pervenisset,
1928 410 2049 452 Cephei
2071 410 2154 451 regis

1122 466 1222 498 filiam
1238 467 1477 500 Andromedam
1493 469 1616 502 invenit
1631 470 1665 502 in
1681 470 1773 502 litore
1789 469 1983 511 expositam,
2000 471 2037 501 ut
2052 478 2071 501 a
2083 471 2155 501 ceto

1124 525 1249 557 marino
1271 525 1488 559 devoraretur.
1504 533 1518 551 ⁵
1533 529 1615 560 Nam
1639 529 1816 571 cassiopea
1840 528 1960 570 Cephei
1973 528 2093 568 conjux
2116 527 2157 559 de

1124 583 1366 625 pulchritudine
1394 593 1470 616 cum
1492 587 1682 619 Nereidibus
1702 587 1932 627 contenderat,
1954 595 1989 620 se
2010 586 2156 619 omnium

1126 642 1396 674 formosissimam
1419 652 1490 675 esse
1514 644 1678 685 Jactitans.
1697 645 1918 683 Quamobrem
1943 653 2158 678 succensuere

1126 698 1295 738 Nereides,
1324 700 1421 740 atque
1451 701 1619 741 Neptunus
1647 710 1712 733 una
1734 702 1892 734 cumillis
1914 702 2035 742 iratus,
2061 710 2158 744 aqua-

1127 767 1200 790 rum
1210 757 1393 799 proluviem
1409 761 1503 791 terrae
1517 759 1652 792 immisit
1662 763 1694 792 et
1706 762 1823 794 cetum.
1837 764 1976 794 ⁴Verum
1990 760 2159 794 Ammonis

1127 817 1259 849 oraculo
1275 816 1469 849 calamitatis
1485 817 1748 851 deliberationem
1764 819 1970 860 praedicente,
1987 820 2016 852 si
2033 819 2161 852 Cassio-

1128 884 1198 916 peae
1224 875 1290 907 filia
1311 874 1520 908 Andromeda
1546 878 1618 908 ceto
1647 876 1833 910 devoranda
1865 878 2077 919 objiceretur,
2101 879 2160 911 Ce-

1128 933 1232 976 pheus
1257 932 1298 964 ab
1323 932 1532 974 AEthiopibus
1557 935 1688 965 coactus
1714 934 1848 974 scopulo
1876 933 1975 967 filiam
2004 935 2158 977 alligavit.

1132 994 1256 1030 ³Quam
1275 992 1484 1033 conspicatus
1499 995 1638 1025 Perseus
1659 994 1692 1025 et
1713 993 1799 1025 illius
1827 1002 1936 1026 amore
1957 997 2089 1036 captus,
2107 997 2162 1028 Ce-

1129 1051 1213 1093 pheo
1242 1059 1278 1084 se
1293 1053 1403 1083 cetum
1423 1051 1673 1084 interemturum
1695 1051 1884 1092 pollicetur,
1912 1053 1939 1084 si
1955 1053 2054 1085 filiam
2081 1053 2162 1094 peri-

1130 1110 1204 1142 culo
1221 1112 1364 1152 ereptam
1391 1110 1454 1143 sibi
1470 1111 1505 1142 in
1527 1111 1773 1142 matrimonium
1803 1110 1939 1143 daturus
1970 1112 2022 1143 sit.
2054 1112 2163 1145 Paetis

1131 1170 1241 1210 itaque
1265 1169 1476 1211 jurejurando
1504 1169 1722 1210 confirmatis,
1751 1172 1888 1202 Perseus
1917 1173 2099 1202 monstruni
2115 1180 2164 1212 ag·

1132 1237 1262 1269 gressus
1279 1228 1398 1261 occidit
1413 1231 1511 1270 atque
1537 1228 1778 1262 Andromedam
1795 1229 1903 1261 solvit.
1927 1233 1941 1252 θ
1955 1229 2076 1261 Deinde
2091 1230 2165 1262 Phi-

1132 1296 1251 1328 neum,
1276 1287 1399 1329 Cephei
1423 1288 1576 1327 i'ratrem,
1605 1288 1741 1320 insidias
1770 1287 1831 1320 sibi
1862 1291 2049 1330 parantem,
2077 1288 2166 1329 quod

1133 1344 1294 1389 desponsa
1308 1346 1384 1380 ante
1398 1345 1460 1390 ipsi
1477 1345 1684 1381 Andromeda
1696 1347 1794 1386 esset,
1810 1355 1846 1378 re
1861 1346 1990 1387 cognita
2017 1348 2166 1385 Perseus,

1133 1413 1210 1437 cum
1239 1403 1416 1445 conjuratis
1443 1404 1610 1445 omnibus,
1635 1403 1781 1437 Medusae
1801 1404 1907 1447 capite
1927 1405 2111 1443 ostentato,
2133 1404 2166 1436 in

1135 1469 1214 1493 saxa
1229 1461 1362 1502 repente
1385 1460 1557 1494 convertit.

1175 1523 1188 1543 ⁷
1202 1521 1316 1560 Itaque
1340 1521 1477 1551 Perseus
1495 1528 1646 1552 reversus
1662 1519 1696 1551 in
1711 1519 1884 1561 seriphum
1905 1520 2107 1561 matremque
2127 1519 2168 1551 ad

1135 1585 1207 1608 aras
1236 1585 1312 1609 cum
1337 1577 1453 1618 Dictye
1480 1576 1523 1609 oh
1554 1577 1738 1618 Polydectis
1767 1576 1958 1609 violentiam
1983 1576 2168 1618 confugisse

1134 1635 1389 1679 deprehendens,
1407 1636 1526 1677 regiam
1541 1636 1707 1678 ingressus
1721 1639 1783 1676 est,
1799 1636 1856 1669 ubi
1872 1636 2047 1678 Polydecti‚
2065 1644 2168 1678 quum

1135 1693 1258 1725 amicos
1275 1696 1507 1734 convocasset,
1525 1702 1639 1726 averso
1655 1702 1710 1726 ore
1728 1694 1889 1736 Gorgonis
1903 1695 2002 1736 caput
2014 1693 2168 1728 ostendit.

1135 1752 1173 1786 Id
1200 1755 1361 1794 quotquot
1389 1754 1625 1794 adspexerunt,
1648 1762 1714 1795 quo
1739 1755 1809 1786 erat
1835 1754 1975 1795 quisque
2004 1754 2110 1793 statu,
2135 1752 2169 1785 in

1136 1820 1215 1843 saxa
1243 1811 1435 1843 commutati
1451 1813 1539 1844 sunt.
1559 1816 1573 1835 ⁸
1586 1813 1670 1843 Tum
1685 1811 1799 1852 Dictye
1813 1811 1940 1853 Seriphi
1955 1820 2030 1852 rege
2051 1811 2170 1844 consti-

1136 1872 1227 1910 tuto,
1243 1870 1357 1903 talaria
1378 1872 1411 1903 et
1427 1879 1536 1912 peram
1554 1871 1586 1903 et
1601 1870 1727 1911 galeam
1754 1869 1843 1903 dedit
1860 1871 2037 1909 Mercurio,
2055 1878 2169 1904 verum

1137 1929 1281 1962 Medusae
1314 1932 1412 1971 caput
1439 1930 1605 1962 Minervae.
1635 1931 1678 1962 Et
1707 1929 1889 1962 Mercurius
1925 1929 2056 1975 quidem
2089 1937 2171 1970 quas

1138 1989 1282 2021 diximus
1308 1998 1360 2021 res
1377 1988 1518 2021 reddidit
1533 1988 1705 2029 Nymphis,
1721 1988 1869 2020 Minerva
1880 1990 1990 2020 autem
2010 1988 2044 2019 in
2063 1987 2171 2020 medio

1137 2047 1250 2089 clypeo
1266 2047 1426 2088 Gorgonis
1443 2051 1540 2089 caput
1557 2047 1719 2089 apposuit.
1743 2051 1758 2070 ⁹
1770 2049 1926 2080 Narratur
1940 2047 2037 2080 etiam
2059 2056 2078 2079 a
2093 2057 2170 2080 non-

1138 2107 1236 2139 nullis
1258 2106 1299 2138 ab
1323 2106 1468 2139 Minerva
1490 2107 1636 2139 Medusae
1651 2108 1749 2149 caput
1765 2107 1938 2148 praecisum
1953 2107 2070 2146 fuisse,
2093 2115 2169 2147 quo-

1138 2165 1227 2196 niam
1257 2163 1297 2196 de
1322 2164 1563 2206 pulchritudine
1576 2166 1684 2204 Gorgo
1714 2173 1790 2197 cum
1817 2164 1889 2207 ipsa
1915 2164 2071 2196 voluisset
2096 2173 2169 2196 con-

1112 2217 1114 2221 ’
1138 2222 1281 2255 tendere.

1183 2338 1228 2380 (4)
1252 2339 1375 2371 Deinde
1394 2341 1532 2372 Perseus
1554 2348 1630 2373 cum
1652 2341 1762 2372 Danae
1781 2342 1813 2371 et
1840 2339 2046 2372 Andromeda
2061 2347 2171 2380 prope-

1140 2410 1224 2442 ravit
1239 2412 1353 2451 Argos,
1372 2412 1410 2441 ut
1422 2409 1585 2442 Acrisium
1604 2409 1734 2442 viseret.
1753 2412 1784 2442 Is
1804 2409 1926 2442 oraculi
1941 2412 2041 2450 metu,
2061 2408 2171 2440 relicto

1140 2482 1237 2520 Argo,
1257 2479 1291 2511 in
1318 2478 1566 2519 Pelasgiotidem
1584 2480 1702 2511 terram
1721 2478 1999 2519 commigraverat.
2021 2481 2035 2499 ²
2048 2478 2170 2509 Interea

1140 2551 1318 2591 Teutamia,
1333 2549 1565 2583 Larissaeorum
1584 2558 1668 2591 rege,
1684 2549 1768 2590 patri
1783 2549 1849 2581 vita
1862 2548 1974 2580 functo
1986 2547 2172 2587 gymnicum

1140 2620 1306 2652 certamen
1320 2619 1462 2660 edituro,
1483 2619 1581 2651 etiam
1607 2621 1745 2650 Perseus
1776 2618 1997 2650 decertaturus
2019 2614 2171 2653 advenit3

1142 2698 1256 2722 verum
1272 2689 1306 2721 in
1325 2688 1524 2731 quinquertii
1539 2688 1712 2722 certamine
1728 2687 1817 2719 disco
1831 2685 1944 2718 Acrisii
1958 2685 2072 2726 pedem
2086 2684 2173 2717 feriit

1141 2769 1280 2802 eumque
1307 2760 1395 2792 illico
1422 2759 1583 2792 interfecit
1607 2761 1768 2791 ³Perseus
1805 2756 1973 2788 oraculum
2007 2755 2173 2797 expletum

1141 2835 1401 2868 animadvertens
1413 2833 1575 2866 Acrisium
1587 2834 1678 2866 extra
1693 2832 1804 2863 urbem
1820 2810 1980 2872 sepelivit3
2000 2830 2070 2871 ipse
2082 2839 2172 2872 vero,

1141 2910 1230 2951 quod
1264 2913 1366 2951 Argos
1402 2909 1441 2941 ad
1469 2909 1539 2949 ejus
1570 2907 1779 2939 hereditatem
1808 2906 2009 2946 adeundam,
2033 2905 2090 2946 qui
2115 2914 2175 2938 sua

1143 2993 1239 3025 opera
1251 2983 1470 3021 occubuisset,
1490 2981 1607 3014 reverti
1623 2979 1771 3020 puderet,
1797 2978 1961 3020 profectus
1983 2977 2173 3019 Tirynthem

1143 3060 1184 3091 ad
1202 3058 1450 3099 Megapenthem
1469 3055 1568 3088 Proeti
1583 3055 1706 3095 filium,
1729 3063 1806 3087 cum
1825 3063 1863 3087 eo
1876 3063 2012 3096 regnum
2027 3063 2172 3086 commu-

1143 3132 1223 3164 tavit
1244 3131 1337 3171 eique
1353 3132 1453 3170 Argos
1470 3128 1640 3161 concessit.
1661 3129 1791 3169 *Itaque
1805 3128 2031 3169 Megapenthes
2045 3127 2173 3168 Argivis

1143 3204 1329 3246 imperavit,
1351 3202 1502 3243 Tirynthi
1533 3210 1611 3234 vero
1628 3203 1782 3242 Perseus,
1808 3201 1865 3242 qui
1892 3201 2034 3233 Mideam
2050 3204 2083 3234 et
2104 3203 2172 3242 My-

1143 3287 1239 3311 cenas
1269 3276 1464 3309 admunivit.
1487 3276 1532 3317 (5)
1578 3276 1663 3308 Huic
1693 3284 1733 3308 ex
1764 3276 1972 3309 Andromeda
2002 3275 2069 3308 nati
2096 3279 2173 3308 sunt

1143 3353 1218 3391 filii,
1234 3352 1406 3392 antequam
1422 3349 1456 3381 in
1472 3349 1632 3399 Graeciam
1649 3349 1802 3390 venisset,
1819 3352 1942 3387 Perses,
1961 3357 2059 3390 quem
2085 3348 2172 3390 apud

1919 3409 1949 3439 9.
