2320 3684
768 123 1085 164 PHILOCHORI
1113 125 1447 167 FRAGMENTA.

49 209 80 271 ᾧ
94 213 157 260 τὰς
173 213 314 270 φονικὰς
336 213 465 268 κρίσεις
494 212 648 258 ἐδίκαζον
681 210 739 250 διὰ
762 211 864 256 τὰς’
844 211 915 251 απὸ
936 228 996 252 του
1021 229 1078 252 σι-

51 257 156 329 δήρου
175 271 381 326 γιγνομένας
403 271 614 326 μιαιφονίας.
630 270 828 325 Φιλόχορος
843 272 879 310 δὲ
899 273 934 310 ἐν
964 272 1080 311 Ἀτθί-

51 334 107 376 δος
127 331 278 386 δευτέρῳ
299 331 447 385 βιὸλίῳ,
465 331 518 370 ὅτι
530 346 588 369 τον
604 329 812 384 Ἁλιρρόθιον
850 330 908 369 τὸν
947 333 1080 370 Ποσει-

51 392 158 435 δῶνος
187 393 371 430 ἀποθανεῖν
417 388 620 442 βιαζόμενον
656 389 723 428 ὑπὸ
762 388 892 444 Ἄρεως
928 389 986 427 διὰ
1016 389 1080 437 τὴν

52 448 249 496 Ἀλκίππην
262 448 326 496 τὴν
346 450 450 487 αὐτοῦ
469 446 653 501 θυγατέρα.

102 513 179 548 Pro
193 507 246 547 ὅτι
261 508 320 547 τὸν
340 507 412 547 Ἁλ.
442 517 512 546 etc.
532 508 704 558 Heynius
727 508 775 545 ad
809 507 988 559 Apollod.
1011 510 1082 555 III,

55 574 116 616 111,
141 581 164 606 α
191 567 447 619 probabiliter
461 567 634 618 scripsit:
650 565 719 605 Διὰ
739 566 780 605 τὸ
796 566 854 605 τὸν
871 565 1082 620 Ἁλιρρόθιον

50 642 84 666 τ.
106 627 155 666 Π.
177 627 363 665 ἀποθανεῖν
384 624 451 664 ὑπὸ
467 623 613 678 Ἄρεως,
636 622 840 676 βιαζόμενον
863 623 927 672 τὴν
947 623 1085 662 Ἀλκίπ-

50 701 136 735 πην,
150 684 214 732 τὴν
236 685 341 723 αὐτοῦ
362 682 545 737 θυγατέρα.

105 810 298 848 Maximus
318 809 358 846 in
375 809 560 860 prooemio
579 808 629 847 ad
648 811 684 846 S.
709 808 884 859 Dionysii
904 811 1084 860 Areopa—

53 868 141 920 gitae
178 871 322 920 Opera,
363 871 550 918 Antverp.
588 868 703 915 1634,
739 867 816 904 vol.
848 870 910 916 ΙΙ,
935 881 973 918 p.
1008 869 1056 912 34
1077 882 1084 904 :

53 926 240 972 Ἐδίκαζον
280 920 339 965 οῧν
380 926 625 978 Ἀρεοπαγῖται
670 925 750 1000 περὶ
790 924 932 964 πάντων
963 925 1086 979 σχεδὸν

51 988 121 1025 τῶν
141 985 358 1040 σφαλμάτων
371 985 431 1024 καὶ
450 985 693 1039 παρανομιῶν,
707 986 754 1029 ὣς
766 984 906 1023 ἅπαντά
924 985 970 1037 [?]
982 1000 1086 1039 φησιν

53 1044 297 1099 Ἀνδροτίων’
281 1061 317 1083 εν
337 1043 482 1099 πρώτῃ,
508 1060 568 1083 και
589 1042 826 1097 Φιλόχορος’
810 1060 846 1083 εν
867 1043 1010 1098 δευτέρα
1027 1045 1087 1083 και

51 1103 151 1158 τρίτῃ
172 1120 242 1142 των
262 1103 437 1143 Ἀτθίδων.

548 1167 606 1205 18

107 1233 248 1271 Athen.
289 1236 409 1281 11‚2,
439 1247 477 1284 p.
506 1233 568 1280 38,
596 1234 667 1270 C.·
690 1231 889 1286 Φιλόχορος
917 1232 954 1270 δέ
981 1249 1086 1287 φησιν

55 1289 290 1346 Ἀμφικτύονα
319 1291 377 1330 τὸν
400 1290 590 1339 Ἀθηναίων
613 1290 774 1344 βασιλέα,
804 1290 959 1343 μαθόντα
993 1291 1091 1347 παρὰ

54 1349 223 1390 Διονύσου
245 1349 309 1397 τὴν
325 1355 386 1389 τοῦ
405 1350 499 1389 οἴνου
525 1356 665 1404 κρᾶσιν,
683 1352 823 1403 πρῶτον
848 1350 1006 1404 κεράσαι.
1026 1352 1090 1391 Διὸ

54 1409 115 1448 καὶ
137 1408 254 1464 ὀρθους
272 1408 434 1462 γενέσθαι
457 1408 537 1453 τους
563 1408 765 1463 ἀνθρώπους
791 1408 884 1448 ουτω
903 1410 1066 1454 πίνοντας
1079 1443 1088 1460 ,

57 1467 226 1524 πρότερον
251 1468 320 1507 ὑπὸ
341 1483 404 1506 του
433 1467 587 1521 ἀκράτου
616 1466 905 1519 καμπτομένους·
940 1484 1000 1508 και
1034 1469 1090 1508 διὰ

53 1531 155 1568 τοῦτο
172 1528 379 1590 ἱδρύσασθαι
403 1526 522 1579 βωμὸν
543 1526 672 1578 Ὀρθοῦ
697 1525 905 1565 Διονύσου’
889 1543 924 1566 εν
941 1531 991 1582 τῷ
1020 1531 1089 1568 τῶν

0 1629 2 1631 ,
53 1588 167 1662 Ὡρῶν
187 1590 283 1641 ἱερῳ.
304 1581 420 1626 Αὓται
439 1586 508 1640 γὰρ
527 1586 593 1624 καὶ
615 1586 674 1625 τὸν
692 1602 755 1633 της
775 1587 935 1638 ἀμπέλου
954 1588 1088 1642 καρπὸν

30 1673 31 1677 =
52 1645 268 1702 ἐκτρέφουσι.
300 1644 457 1692 Πλησίον
479 1646 508 1682 δ’
527 1645 633 1683 αὐτοῦ
657 1644 716 1683 καὶ
735 1650 810 1688 ταῖς
826 1644 991 1700 Νύμφαις
1015 1650 1089 1700 βω-

53 1705 118 1759 μὸν
139 1705 320 1757 ἔδειμεν,“
307 1702 503 1756 υπόμνημα
528 1709 599 1748 τοῖς
617 1702 815 1758 χρωμένοις
841 1720 904 1751 της
931 1705 1089 1759 κράσεως

51 1764 268 1817 ποιούμενος.
288 1762 362 1803 Καὶ
381 1762 448 1817 γὰρ
465 1761 635 1802 Διονύσου
651 1762 772 1817 τροφοὶ
793 1765 828 1801 αἱ
846 1763 995 1817 Νύμφαι
1026 1765 1089 1804 λέ-

50 1839 192 1877 γονται·
209 1839 269 1862 και
286 1822 412 1874 θεσμὸν
432 1821 527 1861 ἔθετο
551 1823 807 1877 προσφέρεσθαι
838 1822 929 1875 μετὰ
946 1822 989 1862 τὰ
1009 1830 1087 1863 σῖτα

52 1883 216 1938 ἄκρατον,
237 1881 341 1935 μόνον
355 1881 435 1921 ὅσον
450 1881 665 1934 γεύσασθαι,
683 1884 733 1921 δε
705 1897 810 1934 ειγμα
829 1899 890 1930 της
909 1882 1089 1935 δυνάμεως

50 1947 111 1982 τοῦ
133 1945 263 1995 ἀγαθοῦ
286 1945 386 1991 θεοῦ,
405 1941 445 1980 τὸ
462 1940 499 1979 δὲ
521 1941 643 1980 λοιπὸν
665 1941 732 1989 ἤδη
749 1941 979 1995 κεκραμένον,
997 1943 1086 1982 ὁπό-

51 2017 111 2042 σον
129 2001 274 2045 ἔκαστος
290 1999 473 2054 βούλεται·
493 2000 759 2055 προσεπιλέγειν
781 1999 817 2039 83:
834 2001 947 2055 τούτῳ
966 2002 1007 2041 τὸ
1025 2006 1086 2041 τοῦ

51 2061 131 2106 Διὸς
147 2076 305 2115 σωτηρος
323 2059 454 2112 ὄνομα,
472 2060 547 2098 δια.
593 2090 600 2098 .
621 2090 628 2098 .
655 2060 714 2098 καὶ
734 2059 876 2111 μνήμης
895 2060 997 2099 ἕνεκα
1017 2078 1085 2100 των

50 2194 135 2228 libro
152 2203 240 2226 nono
256 2194 297 2227 de
310 2193 410 2234 diis,'
401 2202 435 2225 m
451 2201 517 2234 quo
531 2193 631 2225 caedis
644 2192 729 2225 ferro
744 2194 938 2234 perpetratae
953 2202 1086 2227 caussas

47 2243 248 2285 judicabant.
264 2242 480 2275 Philochorus
501 2250 579 2274 vero
599 2241 743 2273 secundo
760 2240 904 2273 Atthidis
926 2241 1010 2273 libro
1030 2251 1084 2273 au-

49 2292 119 2323 ctor
137 2293 204 2325 est.
217 2299 293 2322 eum
309 2289 385 2321 inde
406 2297 524 2321 nomen
541 2288 724 2329 accepisse,
740 2287 829 2328 quod
845 2287 1086 2320 Halirrhothius

49 2339 109 2371 ὑπὸ
126 2338 241 2380 ’,Αρεος
256 2337 278 2368 i.
296 2346 325 2369 e.
343 2337 489 2375 aMarte,
502 2335 594 2376 cujus
621 2335 697 2367 filiae
715 2335 785 2367 vim
812 2334 986 2376 intulisset,
1003 2335 1085 2367 occi-

50 2393 107 2418 sus
123 2385 232 2418 fuerit.

539 2440 554 2472 1
564 2440 601 2473 7.

91 2491 290 2525 Judicabant
316 2492 416 2533 igitur
433 2491 634 2533 Areopagitae
659 2491 725 2524 sere
747 2491 788 2524 de
804 2490 960 2523 omnibus
975 2500 1084 2532 pecca-

47 2537 93 2572 tis
107 2539 145 2570 et-
152 2537 290 2578 delictis,
308 2539 394 2570 sicut
424 2539 583 2571 Androtio
617 2539 651 2570 in
666 2538 792 2579 primo,
815 2540 848 2570 et
868 2537 1083 2570 Philochorus

49 2585 86 2618 in
100 2585 244 2618 secundo
260 2587 293 2619 et
308 2585 405 2619 tertio
425 2585 597 2618 Atthidum
617 2585 700 2617 libro
713 2586 815 2617 aiunt

537 2641 596 2673 18.

95 2691 214 2724 Scribit
226 2691 460 2730 Philochorus,
478 2691 749 2732 Amphictyonem
776 2699 883 2731 regem
911 2690 1083 2723 Athenien-

50 2738 147 2778 sium,
154 2748 254 2780 quum
269 2747 288 2771 a
303 2739 429 2771 Baccho
439 2738 682 2771 didicissetvini
696 2737 900 2780 temperandi
913 2737 1084 2778 rationem,

49 2784 190 2827 primum
204 2785 360 2818 diluisse:
375 2787 408 2818 et
419 2787 600 2826 propterea,
616 2785 673 2826 qui
689 2784 737 2816 sic
753 2785 896 2816 mixtum
928 2783 1082 2816 biberunt

49 2831 208 2874 homines,
222 2835 327 2865 rectos
341 2833 537 2872 ambulasse,
554 2841 657 2873 quum
673 2834 773 2867 antea
777 2831 869 2864 curvi
882 2831 925 2863 ob
942 2831 1023 2863 meri
1033 2840 1085 2872 po-

49 2881 118 2912 tum
129 2880 340 2913 incederent.
359 2880 402 2912 ob
417 2880 515 2922 idque
527 2879 723 2912 beneficium
735 2888 824 2911 aram
839 2880 940 2911 Recto
955 2879 1082 2911 Baccho

49 2927 196 2968 posuisse
218 2927 252 2959 in
284 2930 446 2960 Horarum
471 2927 628 2967 delubro,
653 2927 807 2968 quoniam
836 2926 915 2958 vitis
941 2925 1083 2957 fructum

49 2974 146 3006 Horae
158 2975 324 3008 enutriant
342 2975 556 3016 educentque.
575 2976 676 3006 Juxta
685 2974 774 3006 illam
788 2982 866 3006 vero
879 2974 928 3014 (ut
940 2973 985 3005 ait
997 2973 1083 3005 idem

49 3021 173 3060 auctor)
189 3023 346 3063 Nymphis
353 3031 483 3064 quoque
496 3021 658 3055 exstruxit
672 3030 772 3061 aram,
789 3021 1021 3053 documentum
1036 3020 1083 3051 fu-

48 3067 158 3100 turum
167 3068 328 3110 bibituris,
342 3070 588 3111 temperandum
600 3078 671 3102 esse
683 3069 815 3108 vinum3
834 3068 911 3109 quia
926 3069 1083 3109 Nymphae

49 3115 165 3147 Bacchi
177 3117 319 3149 nutrices
334 3117 436 3149 fuisse
447 3117 670 3159 perhibentur.
682 3118 865 3157 Legemque
875 3115 1030 3154 1nst1tu1t
1046 3117 1083 3147 ut

50 3162 152 3204 captis
173 3162 254 3196 cibis
278 3164 420 3205 primum
446 3165 527 3197 meri
551 3164 698 3196 nonnihil
723 3165 909 3202 sumerent,
932 3162 1082 3202 gustandi

49 3206 155 3239 solum
167 3209 292 3251 caussa,
305 3220 371 3252 quo
388 3211 470 3243 Boni
483 3211 540 3243 Dei
556 3214 678 3252 quanta
693 3210 741 3241 vis
758 3211 844 3242 esset
860 3208 1081 3245 declararent;

48 3251 166 3287 deinde
185 3264 263 3288 vero
287 3259 325 3290 ut
349 3260 565 3299 temperatum
578 3257 745 3298 biber‚ent
762 3257 922 3297 quantum
941 3255 1081 3296 quisque

49 3299 170 3334 vellet:
185 3302 323 3344 denique
350 3306 387 3337 ut
417 3313 513 3346 super
539 3305 601 3337 hoc
615 3306 709 3337 Jovis
729 3304 915 3336 servatores
948 3303 1079 3333 invoca-

51 3348 121 3378 rent
158 3356 298 3391 nomen,
333 3360 399 3392 quo
435 3354 644 3384 monerentur
687 3350 1003 3389 recordarenturque
1038 3348 1081 3379 bi-

2099 137 2172 170 387

1140 213 1323 260 πινόντων,
1352 215 1405 254 ὅτι
1432 215 1521 254 οὕτω
1550 215 1705 260 πίνοντες
1739 217 1903 270 ἀσφαλῶς
1943 215 2174 264 σωθήσονται.

1195 277 1386 312 Lacunam
1425 284 1511 326 post
1546 274 1656 327 ὄνομα
1699 276 2044 314 Joann.1.evinius
2073 278 2175 328 apud

1141 333 1411 372 Casaubonum
1435 335 1487 372 ita
1502 335 1672 385 explevit
1695 352 1701 372 :
1721 336 1866 388 διδαχῆς
1885 335 1943 373 καὶ
1963 351 2019 386 μν.
2041 334 2088 374 ἔν.
2109 340 2178 375 Ce-

1144 400 1269 430 terum
1290 393 1335 430 cf.
1359 394 1497 432 Athen.
1516 395 1584 442 IV,
1611 400 1674 442 24,
1694 408 1718 446 p
1759 409 1844 444 ¹79·

1197 498 1305 536 Idem
1317 501 1402 546 XV,
1417 506 1525 552 il„p.
1537 502 1628 551 693,
1634 449 1701 539 113:
1716 500 1914 554 Φιλόχορος
1929 502 1959 539 δ’
1977 502 2012 540 ἐν
2030 501 2180 557 δευτέρῳ

1144 556 1334 610 Ἀτθίδος,(
1326 558 1424 597 «Καὶ
1436 560 1719 614 θέσμιον,φησ“ιν,
1727 559 1826 607 ἐτέθη
1836 560 1914 599 τότε
1923 559 2181 615 προσφέρεσθαι

1146 616 1235 667 μετὰ
1257 616 1302 656 τὰ
1335 617 1429 656 σιτία
1453 625 1560 657 πᾶσιν
1588 620 1740 674 ἀκράτου
1780 619 1824 671 μὲ
1826 636 1843 658 ν
1868 618 1947 659 οσον
1972 623 2087 672 γεῦμα
2120 621 2181 659 καὶ

1145 677 1271 728 δεῖγμα
1284 679 1346 723 τῆς
1364 676 1544 728 δυνάμεως
1560 682 1621 716 τοῦ
1642 681 1772 730 ἀγαθοῦ
1795 682 1892 727 θεοῦ,
1917 695 1976 718 τον
2003 678 2040 717 δὲ
2059 679 2181 718 λοιπὸν

1144 734 1212 782 ἤδη
1230 735 1457 788 κεκραμένον.
1475 736 1529 775 Δι’
1546 736 1564 775 ὃ
1584 737 1642 775 καὶ
1662 737 1807 792 τροφοὺς
1839 743 1900 776 τοῦ
1926 737 2095 778 Διονύσου
2121 738 2183 782 τὰς

1145 792 1284 847 νύμφας
1304 796 1553 845 ὀνομασθῆναι.
1571 813 1586 828 »

1200 901 1253 939 Id.
1276 904 1326 948 II,
1347 914 1383 945 2,
1398 914 1434 952 p.
1454 903 1516 948 37,
1538 905 1586 939 E:
1605 901 1804 956 Φιλόχορος
1816 902 1852 940 δέ
1870 918 1973 956 φησιν
1991 902 2044 942 ὅτι
2067 905 2099 942 οἱ
2118 903 2183 942 πί·-

1146 975 1261 1003 νοντες
1279 963 1317 998 οὖ
1355 958 1460 1010 μόνον
1483 959 1626 1003 ἑαυτοὺς
1660 962 1904 1014 ἐμφανίζουσιν
1931 961 2052 1005 οἵτινες
2084 963 2185 1011 εἰσὶν,

1148 1018 1240 1058 ἀλλὰ
1260 1018 1320 1057 καὶ
1337 1035 1407 1057 των
1429 1018 1544 1057 ἄλλων
1566 1017 1712 1058 ἕκαστον
1742 1020 2024 1060 ἀνακαλύπτουσι
2052 1024 2186 1075 παῤῥη-

1149 1078 1227 1117 σίαν
1252 1078 1403 1122 ἄγοντες.

1638 1133 1700 1170 21.

1204 1193 1428 1240 ldeleV,
1447 1195 1484 1240 6,
1503 1205 1541 1242 p.
1557 1192 1649 1240 628,
1667 1196 1720 1230 A:
1732 1192 1930 1246 Φιλόχορός
1951 1208 2068 1246 φησιν,
2088 1196 2133 1236 ὡς
2156 1202 2186 1237 οἳ

1148 1251 1293 1290 παλαιοὶ
1310 1251 1513 1297 σπένδοντες
1533 1255 1596 1292 οὒκ
1627 1251 1680 1290 ἀεὶ
1698 1250 1983 1304 διθυραμὸοῧσιν,
2010 1251 2125 1290 ἄλλη
2104 1268 2186 1290 οταν

1151 1309 1354 1362 σπένδωσι,
1374 1310 1432 1350 τὸν
1455 1311 1518 1364 μὲν
1540 1310 1707 1352 Διόνυσον
1735 1311 1770 1348 ἐν
1799 1310 1881 1363 οἴνῳ
1907 1309 1966 1348 καὶ
1995 1309 2107 1363 μέθῃ,
2127 1327 2186 1349 τον

1150 1369 1179 1407 δ’
1199 1369 1402 1408 Απόλλωνα
1423 1371 1499 1423 μεθ
1518 1370 1669 1423 ἡσυχίας
1689 1368 1748 1407 καὶ
1763 1350 1893 1414 τάξεως
1913 1368 2118 1420 μέλπουσιν.

1203 1432 1446 1468 IIermannus
1463 1431 1511 1468 ad
1527 1431 1642 1469 Arist.
1658 1433 1762 1468 Poet.
1780 1443 1818 1481 p.
1840 1443 1891 1479 90
1911 1429 2084 1479 reposuit
2098 1428 2187 1479 μέλ-

1150 1503 1256 1525 πουσι
1272 1502 1343 1544 pro
1366 1489 1515 1540 vulgata
1535 1488 1736 1539 μέλποντες

1665 1542 1687 1571 ς)

1203 1599 1264 1633 J0.
1292 1596 1432 1634 Malaia
1463 1542 1699 1646 chronogr
1711 1609 1749 1645 p.
1789 1596 1850 1641 18,
1886 1597 1915 1633 C
1951 1595 2023 1644 (ed.
2049 1599 2183 1634 Venet.

1155 1653 1285 1706 1733),
1298 1664 1501 1706 postquam
1524 1663 1680 1692 auctore
1697 1654 1893 1691 Dinarcho
1910 1654 2007 1691 dixit
2010 1654 2186 1704 ,Diony-

1149 1727 1232 1751 sum
1253 1714 1413 1764 Delphis
1430 1722 1627 1751 mortuum
1644 1722 1682 1751 et
1699 1713 1893 1764 sepultum
1908 1726 2002 1760 esse,
2024 1713 2075 1750 ita
2092 1726 2186 1764 per-

1149 1767 1220 1817 git:
1237 1765 1424 1810 Ωσαύτως
1443 1765 1478 1805 δὲ
1495 1766 1553 1805 καὶ
1572 1770 1590 1805 ὁ
1605 1766 1804 1828 σοφώτατος
1820 1764 2019 1818 Φιλόχορος
2036 1763 2078 1803 τὰ
2097 1765 2186 1804 αὐτοι

1149 1824 1406 1878 συνεγράψατο.
1427 1825 1490 1864 Ῥν
1510 1828 1532 1876 ᾗ
1552 1824 1686 1863 ἐκθέσει
1701 1818 1778 1863 εἰπε
1790 1841 1870 1878 περι
1883 1840 1945 1863 του
1970 1826 2075 1862 αὐτοῦ
2098 1827 2185 1864 Διο-

1148 1882 1263 1922 νύσου·
1292 1881 1358 1923 F
1362 1899 1436 1923 στιν
1454 1885 1536 1923 ἰδεῖν
1548 1883 1612 1931 τὴν
1624 1883 1738 1938 ταφὴν
1751 1885 1856 1922 αὐτοῦ
1877 1885 1912 1921 ἐν
1924 1885 2071 1934 Δελφοῖς
2087 1884 2185 1937 παρὰ

1146 1942 1204 1981 τὸν
1225 1942 1427 1982 Ἀπόλλωνα
1447 1943 1505 1981 τὸν
1530 1958 1696 2004 χρυσουν.
1718 1942 1852 1996 Βάθρον
1875 1941 1912 1981 δέ
1934 1946 2074 1980 τιεῖναι
2095 1944 2185 1981 ὑπο-

1146 2007 1277 2040 νοεῖται
1294 2005 1316 2049 ἡ
1338 2018 1457 2057 σορος,
1477 2005 1512 2041 ἐν
1531 2005 1560 2056 ῳ
1587 2017 1782 2056 γραφεται·
1808 2001 1957 2040 Ἔνθᾶδε
1986 2007 2100 2039 κεῖται
2125 2005 2185 2040 θα-

1146 2078 1214 2101 νων
1232 2062 1396 2106 Διόνυσος
1411 2063 1459 2101 δ’
1444 2078 1483 2100 εκ
1503 2061 1712 2112 Σεμέλης.»

1144 2196 1270 2234 luentes,
1293 2204 1339 2234 se,
1364 2204 1403 2227 eo
1420 2195 1518 2226 modo
1532 2195 1559 2226 si
1575 2194 1741 2232 biberent,
1765 2198 1852 2225 certo
1869 2193 1977 2224 salvos
1994 2192 2182 2224 incolumes-

1145 2252 1209 2283 que
1222 2243 1359 2275 futuros.

1188 2350 1402 2382 Philochorus
1428 2349 1508 2381 dicit
1535 2348 1680 2382 secundo
1712 2347 1796 2379 libro
1832 2348 1952 2379 Rerum
1972 2346 2180 2378 Atticarum:

1149 2397 1288 2430 «Etiam
1314 2398 1382 2438 lege
1405 2397 1547 2438 quadam
1583 2397 1664 2428 tunc
1695 2394 1857 2427 sancitum
1876 2396 1938 2433 est,
1975 2394 2010 2424 ut
2030 2394 2103 2434 post
2131 2401 2180 2423 ca-

1146 2448 1221 2487 ptos
1234 2445 1325 2478 cibos
1337 2447 1522 2478 sumeretur
1536 2444 1617 2476 meri
1631 2444 1758 2476 tantum
1773 2444 1932 2482 quantum
1947 2441 2025 2472 satis
2038 2442 2122 2472 esset
2138 2439 2179 2470 ad

1146 2493 1343 2534 gustandam
1359 2494 1391 2524 et
1408 2501 1449 2524 ex
1465 2490 1641 2532 specimine
1658 2488 1800 2530 quodam
1826 2487 2080 2527 cognoscendam
2098 2485 2178 2516 Boni

1147 2541 1205 2573 Dei
1220 2540 1302 2580 vim,
1318 2540 1480 2581 reliquum
1493 2547 1572 2570 vero
1586 2537 1703 2570 deinde
1715 2537 1941 2576 temperatum
1957 2535 2063 2571 Quare
2082 2530 2178 2563 etiam

1146 2589 1290 2620 nutrices
1308 2587 1425 2619 Bacchi
1440 2586 1616 2618 nominatae
1633 2586 1710 2616 sunt
1727 2582 1928 2623 Nymphae.»

1188 2694 1404 2726 Philochorus
1422 2693 1487 2732 ait,
1504 2691 1560 2732 qui
1579 2640 1714 2729 hihfflt,
1739 2689 1799 2720 hos
1820 2695 1884 2718 non
1906 2684 2004 2717 modo
2018 2692 2090 2716 sese
2107 2692 2175 2725 pro-

1145 2741 1221 2774 dere
1236 2740 1347 2783 quales
1375 2740 1463 2780 sint,
1492 2747 1606 2771 verum
1632 2737 1729 2769 etiam
1757 2732 1908 2775 loquendi
1937 2730 2084 2771 licentia,
2112 2740 2176 2771 qua

1145 2791 1292 2828 utantur,
1313 2787 1444 2820 alterius
1457 2785 1604 2827 cujusvis
1622 2783 1758 2825 prodere
1771 2783 1906 2813 secreta.

1627 2843 1689 2875 21.

1192 2899 1406 2931 Philochorus
1421 2898 1478 2935 ait,
1494 2896 1621 2927 veteres
1636 2902 1703 2925 non
1719 2900 1858 2932 semper,
1880 2889 2008 2932 quoties
2023 2888 2172 2927 libarent,

1144 2946 1362 2988 dithyrambis
1378 2953 1449 2977 esse
1474 2952 1571 2981 usos;
1597 2941 1654 2973 sed
1673 2940 1830 2979 libantes,
1856 2937 1982 2978 inquit,
2008 2936 2173 2968 Bacchum

1143 2994 1275 3035 quidem
1288 2994 1364 3024 vino
1375 2990 1523 3023 madidos
1538 2988 1796 3028 temulentosque
1809 2985 1975 3023 cecinisse,
1992 2983 2172 3024 Apollinem

1143 3051 1220 3074 vero
1236 3040 1361 3082 placide
1374 3041 1407 3071 et
1423 3038 1582 3069 modeste.

1184 3153 1309 3186 Eodem
1328 3150 1426 3183 modo
1444 3149 1557 3183 eadem
1571 3149 1612 3181 de
1628 3156 1663 3180 re
1679 3145 1810 3188 scripsit
1824 3142 2084 3186 sapientissimus
2103 3141 2171 3173 Phi-

1142 3202 1293 3234 lochorus
1326 3199 1360 3230 in
1390 3196 1596 3239 expositione
1621 3195 1661 3227 de
1680 3194 1822 3232 Baccho,
1854 3192 1988 3224 dicens:
2006 3188 2170 3229 ‹conspi-

1141 3250 1226 3282 citur
1248 3249 1318 3288 ejus
1335 3246 1523 3287 sepulcrum
1545 3243 1678 3284 Delphis
1697 3243 1791 3283 juxta
1808 3238 1989 3292 Apollinem
2013 3239 2169 3268 Aureum.

1143 3297 1272 3330 Gradus
1288 3295 1422 3336 quidam
1437 3302 1509 3326 esse
1521 3292 1652 3324 videtur
1666 3291 1736 3332 eJ'us
1752 3289 1950 3331 sepulcrum,
1968 3285 2001 3317 in
2015 3293 2081 3325 quo
2097 3286 2171 3316 scri-

1141 3348 1233 3387 ptum
1249 3345 1316 3376 est:
1335 3342 1490 3379 Bacchus,
1501 3339 1642 3373 Semeles
1657 3338 1752 3377 filius,
1769 3336 1821 3368 hic
1833 3336 1918 3377 jacet
1935 3331 2125 3374 sepultus.»

1965 3392 2002 3421 2.””
1993 3403 2014 3421 ι.
