2320 3684
145 203 220 235 420

630 278 691 314 13.

935 185 1070 225 ISTRI
1097 182 1429 224 FRAGMENTA.

1231 281 1269 309 et
1288 270 1524 310 Phavorinus
1557 267 1739 306 exhibent
1764 263 1938 317 Τραπεζὼ
1967 278 2039 316 pro
2065 265 2252 317 Τραπεζο-

199 345 452 392 Harpocrat.:
479 333 703 388 Ὀσχοφόροι.
771 331 816 372 ‘O
844 332 881 371 δὲ
906 330 1042 386 Ἴστρος
1066 333 1101 371 ἐν
1130 334 1172 384 τῇ
1233 329 1346 383 φόρος.

149 401 190 451 ιγ’
210 399 290 453 περὶ
307 396 456 445 Θησέως
477 394 588 446 λέγων
621 391 746 446 γράφει
768 390 892 436 οὕτως·
923 409 939 426 α
956 391 1092 431 εΈνεκα
1112 393 1174 438 τῆς

148 461 264 505 κοινῆς
282 454 455 508 σωτηρίας
483 452 625 504 νομίσαι
656 450 735 494 τοὺς
763 449 999 502 καλουμένους
1021 449 1176 504 ὀσχοφό-

151 533 228 571 ρους
258 513 462 565 καταλέγειν
509 511 568 550 δύο
599 513 668 549 τῶν
689 508 782 562 γένει
810 510 870 548 καὶ
898 509 1039 563 πλούτῳ
1066 511 1177 564 προῦ-

150 575 299 628 χόντων.
317 591 333 608 »

204 633 347 672 Eadem
374 630 520 670 habent
552 629 689 668 Suidas
713 637 751 667 et
779 628 958 678 Phavor.‚
988 628 1055 667 sed
1084 641 1178 679 sup-

153 705 284 744 presso
302 691 391 729 Istri
407 689 576 726 nomine.

568 766 785 781 *annone*-

532 810 680 847 LIBER
703 807 807 849 XIV.

645 872 705 912 14.

210 933 343 972 Athen.
355 936 467 980 XIII,
477 946 516 984 p.
529 932 617 979 557,
627 936 658 968 A
672 945 681 968 ε
695 928 835 977 Θησεὺς
848 926 997 978 Ἑλένην
1010 929 1183 984 ἁρπάσας,

155 993 233 1041 ἑξῆς
249 992 309 1031 καὶ
329 991 512 1046 Ἀριάδνην
525 989 695 1044 ἥρπασεν.
715 987 852 1043 Ἴστρος
871 993 954 1040 γοῦν
975 991 1010 1028 ἐν
1027 992 1070 1042 τῇ
1100 1004 1184 1028 τεσ-

157 1050 458 1106 σαρεσκαιδεκάτῃ
486 1051 555 1088 τῶν
593 1048 758 1088 Ἀττικῶν
794 1047 998 1100 καταλέγων
1029 1048 1092 1092 τὰς
1123 1050 1184 1086 τοῦ

157 1110 306 1159 Θησέως
324 1107 510 1162 γενομένας
528 1106 718 1160 γυναικὰς,
750 1106 835 1160 φησὶ
858 1106 920 1150 τὰς
938 1105 1001 1158 μὲν
1022 1108 1135 1145 αὐτῶν
1152 1106 1187 1152 ἐξ

158 1170 286 1224 ἔρωτος
303 1170 529 1220 γεγενῆσθαι,
549 1166 610 1210 τὰς
630 1166 659 1204 δ’
687 1164 722 1210 ἐξ
754 1167 928 1219 ἁρπαγῆς,
955 1165 1063 1209 ἄλλας
1090 1166 1120 1203 δ’
1148 1167 1188 1204 ἐκ

158 1229 318 1281 νομίμων
334 1226 478 1279 γάμων·
499 1224 534 1271 ἐξ
554 1226 713 1279 ἁρπαγῆς
732 1223 796 1276 μὲν
812 1224 975 1273 “Ελε’νην,
993 1223 1188 1278 Ἀριάδνην,

160 1285 376 1334 Ἱππολύτην
417 1285 477 1324 καὶ
501 1284 565 1330 τὰς
593 1283 787 1336 Κερκυόνος
803 1283 862 1321 καὶ
883 1282 1020 1326 Σίνιδος
1045 1283 1191 1334 θυγατέ-

162 1363 222 1400 ρας
235 1363 243 1371 ·
267 1345 426 1397 νομίμως
442 1344 472 1382 δ’
494 1343 597 1382 αὐτὸν
626 1346 740 1394 γῆμαι
766 1341 973 1392 Μελίὸοιαν,
990 1340 1054 1389 τὴν
1075 1342 1191 1382 Αἴαν-

159 1421 216 1450 τος
237 1403 387 1458 μητέρα.

214 1522 342 1561 Photii
367 1524 459 1558 Lex.
480 1535 488 1557 :
507 1518 597 1562 Θεὸς
613 1522 634 1566 ἡ
650 1518 835 1558 Ἀναίδεια.
864 1519 1039 1571 Ἐτιμᾶτο
1065 1519 1101 1558 δὲ
1134 1519 1194 1558 καὶ

163 1579 348 1628 Ἀθήνησιν
363 1581 385 1625 ἡ
402 1577 596 1625 Ἀναίδεια,
617 1577 676 1615 καὶ
697 1577 786 1632 ἱερὸν
803 1571 846 1624 ἦν
861 1579 987 1627 αὐτῆς,
1000 1581 1046 1622 ὡς
1059 1577 1195 1632 Ἴστρος

164 1642 199 1678 ἐν
220 1639 274 1678 ιδ’.

218 1698 353 1737 Suidas
369 1710 398 1734 s.
417 1710 453 1733 v.
474 1693 565 1738 Θεός
584 1695 718 1734 eadem
739 1693 906 1734 exhibet.

580 1770 788 1785 “uo-00*—

538 1822 691 1862 LIBER
721 1821 828 1861 XVI.

655 1886 715 1926 16.

221 1951 448 1999 Harpocrat.
481 1962 489 1984 :
531 1947 557 1985 Γ
559 1943 802 1999 ραπεζοφόρος.
841 1945 1042 1997 Λυκοῦργος
1071 1945 1107 1982 ἓν
1147 1946 1198 1997 τῷ

167 2006 246 2059 περὶ
279 2008 342 2053 τῆς
366 2004 491 2058 ἱερείας
518 2003 572 2043 ὅτι
600 2002 790 2056 ἱερωσύνης
814 2001 928 2052 ὄνομά
947 2003 1040 2040 ἐστιν
1065 2004 1087 2049 ἡ
1116 2017 1202 2056 τρα-

167 2063 375 2119 πεζοφόρος·
408 2063 461 2102 ὅτι
488 2062 576 2110 αὐτή
610 2078 647 2100 τε
674 2061 734 2100 καὶ
762 2064 785 2108 ἡ
815 2060 939 2112 κοσμὼ
978 2060 1201 2100 συνδιέπουσι

171 2123 289 2163 πάντα
309 2125 353 2176 τῇ
383 2125 445 2170 τ’ῆς
466 2122 611 2168 Ἀθηνᾶς
641 2119 767 2175 ἱερείᾳ,
796 2119 897 2163 αὐτός
923 2135 962 2158 τε
977 2123 996 2159 ὁ
1019 2120 1135 2175 ῥήτωρ
1163 2121 1199 2159 ἕν

170 2186 220 2237 τῷ
250 2184 344 2236 αὐτῷ
373 2180 468 2235 λόγῳ
491 2179 667 2228 δεδήλωκε
693 2179 754 2218 καὶ
779 2179 916 2233 Ἴστρος
956 2180 992 2218 ἐν
1019 2178 1104 2233 ἕκτῃ
1139 2179 1200 2218 καὶ

171 2241 299 2293 δεκάτῃ
323 2242 450 2293 (Bekk.
473 2238 530 2291 ιγ’)
551 2241 621 2278 τῶν
641 2239 806 2278 Ἀττικῶν
823 2239 1049 2290 συναγωγῶν.

224 2300 366 2338 Videas
383 2300 497 2337 etiam
516 2302 643 2350 Etym.
661 2301 715 2336 M.
734 2306 773 2336 et
796 2298 973 2345 Suidam3
990 2298 1204 2348 Hesychius

659 2416 719 2449 13.

214 2487 427 2528 oschophori.
447 2488 530 2518 Ister
546 2488 653 2518 autem
666 2486 699 2517 in
712 2485 807 2518 tertio
817 2485 944 2518 decimo
958 2485 997 2518 de
1004 2486 1129 2518 Theseo
1141 2486 1204 2519 dis-

174 2542 300 2573 serens,
322 2532 435 2566 scribit
457 2533 490 2564 in
503 2533 591 2564 hunc
604 2532 740 2564 modum
755 2542 762 2563 :
780 2545 796 2560 «
807 2533 927 2564 Salutis
940 2533 1079 2574 publicae
1090 2541 1205 2565 caussa

174 2581 332 2615 instituit,
353 2581 391 2613 ut
407 2579 475 2612 bini
494 2579 715 2620 Oschophori,
737 2588 851 2620 genere
871 2583 904 2612 et
925 2580 1042 2621 opibus
1062 2580 1204 2621 nobiles,

175 2628 402 2670 deligerentur.

593 2711 807 2727 4000*—

548 2783 700 2822 LIBER
728 2783 836 2824 XIV.

665 2865 725 2898 14.

219 2932 364 2966 Theseus
393 2933 484 2972 rapta
511 2931 632 2964 Helena
646 2954 656 2970 ‚
686 2930 804 2963 deinde
833 2930 931 2963 etiam
967 2930 1128 2963 Ariadnen
1165 2941 1210 2963 ra-

182 2981 261 3020 puit.
280 2981 361 3011 Ister
374 2978 457 3010 libro
471 2978 599 3012 decimo
625 2979 741 3019 quarto
756 2979 877 3010 Rerum
893 2978 1074 3010 Atticarum
1095 2987 1211 3011 uxores

181 3026 296 3058 Thesei
320 3034 490 3058 recensens
513 3026 575 3065 ait,
603 3025 683 3057 alias
709 3032 820 3057 earum
834 3033 873 3057 ex
889 3033 998 3057 amore
1009 3033 1127 3057 uxores
1142 3024 1212 3065 ejus

182 3073 284 3105 factas
311 3082 398 3112 esse,
427 3073 506 3105 alias
537 3073 649 3113 raptu,
678 3071 758 3104 alias
787 3080 864 3103 vero
894 3072 1046 3113 legitimis
1063 3071 1184 3113 nuptiis
1202 3081 1212 3100 t

183 3129 223 3151 ex
248 3121 342 3160 raptu
366 3120 497 3160 quidem
522 3120 697 3158 Helenam,
723 3119 905 3159 Ariadnen,
937 3119 1162 3161 Hippolytam‚
1182 3120 1215 3151 et

184 3166 359 3206 Cercyonis
372 3169 404 3198 et
418 3166 537 3198 sinidis
550 3166 632 3198 filias
647 3176 654 3197 :
669 3164 813 3207 legitimo
826 3174 904 3198 vero
918 3167 1126 3200 matrimonio
1139 3175 1214 3200 eum

186 3212 338 3245 habuisse
353 3213 533 3246 Meliboeam
551 3213 656 3254 AJacis
673 3215 822 3246 matrem.

675 3281 734 3314 15.

228 3345 296 3375 Dea
320 3344 536 3384 impudentia.
555 3344 728 3377 colebatur
743 3344 841 3376 etiam
861 3344 996 3377 Athenis
1012 3345 1219 3387 Impudentia

187 3394 219 3424 et
234 3391 390 3432 templum
409 3391 545 3423 habebat
557 3415 565 3431 ‚
583 3393 618 3423 ut
637 3394 719 3424 Ister
735 3391 817 3423 libro
832 3394 949 3432 quarto
965 3393 1092 3426 decimo
1110 3394 1216 3426 refert.

1363 438 1682 483 FRAGMENTA
1708 435 1948 475 INCERTAE
1975 434 2131 476 SEDIS.

1718 499 1780 540 17.

1290 569 1490 608 Scholiast.
1512 566 1708 618 Aristoph.
1737 565 1895 615 Lysistr.
1931 565 2007 608 642
2029 578 2038 601 :
2062 564 2121 616 Τῇ
2141 561 2260 616 Ἕρσῃ

1237 626 1474 680 πομπεύουσι,
1486 628 1529 679 τῇ
1542 624 1724 679 Κέκροπος
1738 623 1898 677 θυγατρὶ,
1912 624 1958 666 ὣς
1970 623 2100 675 ἱστορεῖ
2114 620 2262 675 Ἴστρος.

1292 685 1516 736 Hesychius,
1531 684 1769 723 Phavorinus
1786 691 1824 720 et
1843 682 1978 721 Suidas
1993 695 2020 719 s.
2037 680 2263 734 ν,Ἀρρηφορ.

1240 754 1278 783 et
1295 744 1487 798 Ἔρρηφορ.
1509 743 1611 781 idem
1631 741 1820 790 referunt,
1834 741 1975 778 omisso
1991 740 2080 778 Istri
2099 739 2264 777 nomine.

1727 810 1784 850 18.

1295 880 1435 932 Hygin.
1451 882 1607 917 Astron.
1626 880 1678 926 11,
1702 877 1764 924 35,
1785 875 1921 914 Canis:
1937 893 1952 908 ιι
1974 874 2044 912 Hic
2066 871 2268 911 diciturab

1242 943 1339 978 Jove
1358 946 1486 976 custos
1502 940 1670 986 Europae
1686 935 1888 986 appositus
1903 947 1999 981 esse,
2016 940 2055 970 et
2069 931 2120 970 ad
2138 931 2273 970 Minoa

1244 997 1476 1050 pervenisse.
1510 997 1632 1044 Quem
1666 993 1814 1031 Procris
1848 991 2005 1043 Cephali
2037 1004 2137 1028 uxor
2161 989 2274 1028 labo-

1244 1065 1393 1095 rantem
1419 1054 1559 1092 dicitur
1580 1065 1745 1100 sanasse,
1772 1060 1812 1090 et
1832 1065 1905 1102 pro
1931 1065 1978 1089 eo
1996 1049 2184 1088 beneficio
2209 1062 2275 1087 ca-

1246 1129 1335 1154 nem
1354 1115 1504 1153 muneri
1520 1113 1724 1163 accepisse,
1746 1111 1851 1162 quod
1869 1111 1936 1148 illa
1961 1109 2134 1149 studiosa
2161 1108 2277 1146 fuerit

1247 1173 1481 1222 venationis,
1501 1181 1539 1210 et
1569 1171 1673 1223 quod
1695 1170 1781 1208 cani
1801 1171 1926 1208 fuerat
1953 1168 2106 1216 datum,
2125 1181 2174 1206 ne
2199 1167 2278 1205 ulla

1249 1235 1328 1272 fera
1349 1233 1545 1284 praeterire
1564 1244 1654 1269 eum
1680 1237 1823 1281 posset.
1845 1232 1935 1266 Post
1953 1228 2034 1278 ejus
2052 1227 2199 1265 obitum
2217 1239 2280 1264 ca-

1248 1293 1308 1330 nis
1340 1291 1388 1330 ad
1421 1290 1635 1341 Cephalum
1664 1287 1860 1340 pervenit,
1885 1287 1991 1338 quod
2021 1286 2172 1326 Procris
2194 1285 2278 1336 ejus

1250 1352 1376 1389 fuerat
1397 1364 1497 1388 uxor
1518 1363 1527 1386 t
1548 1361 1664 1400 quem
1690 1348 1754 1385 ille
1782 1347 1926 1384 ducens
1949 1359 2098 1394 secum,
2130 1344 2280 1383 Thebas

1251 1410 1445 1462 pervenit,
1462 1408 1530 1446 ubi
1551 1416 1633 1446 erat
1651 1407 1800 1458 vulpes,
1830 1405 1893 1443 cui
1921 1405 2055 1444 datum
2081 1403 2282 1442 dicebatur

1252 1481 1384 1506 omnes
1417 1481 1529 1506 canes
1567 1467 1740 1517 effugere
1775 1475 1900 1516 posse.
1922 1467 2058 1515 Itaque
2088 1477 2208 1515 quum
2241 1463 2281 1501 in

1253 1540 1374 1565 unum
1392 1526 1672 1578 pervenissent,
1689 1524 1854 1576 Jupiter,
1882 1524 2035 1562 nescius
2058 1522 2152 1573 quid
2181 1522 2284 1562 sace—

1254 1593 1332 1634 ret,
1364 1593 1409 1623 ut
1439 1588 1537 1623 Ister
1574 1584 1647 1633 ait,
1678 1591 1882 1634 utrumque
1913 1582 1954 1620 in
1988 1581 2156 1633 lapidem
2185 1594 2283 1619 con-

1256 1647 1414 1686 vertit.»

1742 1703 1801 1742 19.

1310 1772 1560 1820 Harpocrat.:
1577 1768 1801 1821 Ἐπενεγκεῑν
1813 1766 1896 1821 δόρυ
1913 1766 1972 1806 ἐπὶ
1985 1769 2049 1814 τῆς
2059 1768 2208 1822 ἐκφορᾶς
2225 1765 2286 1806 καὶ

1257 1826 1503 1882 προαγορεύειν
1527 1827 1585 1866 ἐπὶ
1614 1829 1685 1866 τῶν
1707 1826 1915 1878 μνημάτων.
1952 1825 2181 1878 Δημοσθένης
2207 1825 2288 1864 κατ’

1259 1886 1416 1940 Εὐέργου
1458 1886 1518 1925 καὶ
1562 1885 1812 1934 Μνησιὸούλου
1845 1889 1956 1925 ταῦτα
1990 1901 2095 1940 φησιν
2133 1885 2192 1924 ἐπὶ
2226 1886 2288 1925 τοῦ

1261 1944 1384 1997 βιαίως
1410 1944 1654 1989 ἀποθανόντος.
1674 1941 1810 1999 Ἴστρος
1836 1943 1873 1983 δὲ
1892 1945 1928 1983 ἐν
1946 1947 1991 1996 τῇ
2012 1945 2200 1996 συναγωγῇ
2218 1945 2288 1983 τῶν

1259 2004 1422 2043 Ἀτθίδων
1441 2004 1520 2057 περὶ
1551 2003 1747 2058 Προκρίδος
1765 2003 1826 2042 καὶ
1849 2003 2014 2057 Κεφάλου
2033 2002 2140 2042 εἰπὼν
2159 2002 2286 2057 γράφει

1259 2062 1373 2101 ταυτὶ·
1387 2080 1403 2097 «
1415 2061 1518 2107 Τινὲς
1533 2061 1570 2101 δὲ
1581 2062 1639 2101 ἐπὶ
1651 2065 1712 2100 τοῦ
1723 2061 1834 2117 τάφου
1848 2061 1930 2116 δόρυ
1939 2061 2219 2114 καταπεπηχότα
2230 2059 2289 2100 τὸν

1261 2120 1435 2176 Ἐρεχθέα
1463 2121 1549 2176 φασὶ
1576 2124 1790 2168 πεποιῆσθαι
1811 2119 2143 2174 παρακαταθέμενόν
2165 2135 2205 2159 τε
2230 2118 2291 2158 καὶ

1260 2179 1301 2219 τὸ
1335 2179 1445 2224 πάθος
1477 2180 1715 2232 σημαίνοντα,
1754 2179 1811 2219 διὰ
1841 2179 1882 2218 τὸ
1913 2179 2062 2231 νόμιμον
2099 2173 2188 2218 εἶναι
2221 2184 2293 2222 τοῖς

1261 2238 1478 2292 προσήκουσι
1517 2243 1638 2278 τοῦτον
1674 2238 1734 2278 τὸν
1774 2237 1902 2293 τρόπον
1936 2237 2166 2292 μετέρχεσθαι
2214 2237 2293 2282 τοὺς

1263 2297 1399 2352 φονέας.
1423 2316 1439 2333 »

1632 2411 1785 2450 LIBER
1813 2411 1921 2451 XVI.

1749 2476 1763 2509 1
1774 2477 1810 2510 6.

1264 2566 1270 2574 ,
1307 2527 1584 2569 wapezopkoros
1594 2529 1644 2561 est
1656 2537 1774 2560 nomen
1795 2527 1989 2567 sacerdotis,
2010 2528 2049 2560 ut
2064 2527 2109 2560 ait
2127 2528 2294 2568 Lycurgus
2316 2542 2318 2545 ·

1261 2577 1296 2606 ln
1317 2574 1460 2608 oratione
1481 2575 1524 2607 de
1549 2575 1724 2608 sacerdote
1739 2585 1752 2613 ‚·
1776 2576 1846 2609 haec
1866 2577 1899 2607 et
1935 2583 2047 2607 cosmo
2067 2573 2296 2607 administram

1261 2621 1371 2653 omnia
1393 2621 1548 2655 Minervae
1567 2631 1676 2663 sacra,
1692 2625 1729 2654 ut
1741 2622 1828 2655 idem
1845 2623 1954 2655 orator
1973 2621 2006 2654 in
2028 2621 2140 2654 eadem
2152 2620 2296 2653 oratione

1261 2667 1402 2700 declarat
1425 2669 1459 2701 et
1478 2669 1561 2701 Ister
1576 2668 1660 2700 libro
1674 2671 1766 2702 sexto
1788 2669 1914 2702 decimo
1929 2669 2206 2702 collectaneorum
2219 2665 2298 2700 Atu-
2317 2692 2320 2693 γ

1262 2723 1386 2748 corum.

1659 2772 1878 2787 ⁴000-—

1389 2802 1712 2843 FRAGMENTA
1739 2802 1980 2894 IgCERTAE
2008 2800 2169 2841 SEDIS.

1308 2913 1418 2946 Hersae
1428 2936 1438 2953 ,
1467 2914 1621 2955 cecropis
1648 2913 1723 2946 filiae
1733 2938 1743 2955 ‚
1773 2921 1926 2954 pompam
1953 2912 2098 2951 ducunt,
2127 2912 2162 2943 ut
2188 2909 2320 2950 namt-‚-

1267 2960 1358 2991 Ister.

1754 3008 1770 3041 1
1779 3009 1814 3041 9.

1312 3062 1350 3092 In
1366 3059 1529 3092 efferendo
1542 3060 1653 3092 funere
1667 3059 1795 3091 hastam
1807 3058 1976 3097 adhibere,
1992 3059 2026 3090 et
2037 3057 2079 3089 ad
2090 3057 2309 3099 sepulchrum*

1268 3107 1477 3150 proclamare.
1496 3106 1728 3139 Demosthenes
1743 3107 1899 3138 adversus
1916 3108 2077 3146 Euergum
2091 3105 2125 3137 et
2138 3103 2305 3150 Mneeibu3·

1269 3156 1337 3187 lum
1352 3155 1422 3186 haec
1435 3154 1475 3186 de
1491 3154 1621 3186 homine
1637 3153 1733 3193 dicit,
1750 3153 1807 3194 qui
1821 3155 1924 3184 morte
1939 3152 2033 3193 periit
2046 3150 2197 3183 violenta.
2215 3143 2317 3189 Isloij,x

1270 3211 1348 3235 vero
1363 3202 1397 3233 in
1419 3201 1608 3234 collectione
1632 3209 1738 3232 rerum
1761 3200 1957 3239 Atticarum,
1975 3199 2147 3240 postquam
2163 3197 2204 3230 de
2222 3198 2310 3230 Pro-⁸

1271 3250 1360 3283 eride
1372 3253 1404 3282 et
1419 3249 1560 3290 Cephalo
1575 3248 1703 3280 locutus
1715 3250 1775 3287 est,
1788 3247 1850 3280 ista
1863 3247 1975 3279 scribit
1989 3256 1996 3278 :
2014 3259 2030 3274 «
2042 3245 2182 3283 Quidam
2193 3245 2310 3282 aiuntf

1272 3297 1489 3331 Erechtheum
1511 3296 1544 3327 in
1568 3295 1737 3337 sepulchro
1762 3295 1887 3326 hastam
1912 3293 2083 3332 defixisse,
2108 3293 2145 3324 ut
2174 3290 2294 3323 caedem

1274 3345 1441 3378 indicaret.
1461 3346 1578 3384 Legem
1595 3342 1682 3375 enim
1698 3351 1768 3375 esse
1785 3340 2047 3382 consanguineis,
2065 3342 2100 3372 ut
2123 3339 2185 3371 hoc
2201 3335 2298 3370 modo

1274 3391 1492 3426 interfectores
1514 3391 1759 3432 persequantur.
1782 3401 1798 3418 »
2293 3396 2309 3402 ··
