2294 3704
934 140 1001 178 DE
1030 139 1287 181 CHARONE.

62 225 161 278 tigit)
179 227 289 277 cujus
303 228 344 266 in
364 227 477 265 titulo
489 227 696 277 vestigium
712 226 1003 277 conspiceretur
1018 241 1086 264 vo-

60 285 190 324 cabuli
205 279 305 339 ὦρος,
325 300 348 324 a
367 299 445 337 quo
464 284 662 339 ὡρογράφοι
679 297 821 323 nomen
838 283 1019 322 habuere.
1041 290 1088 321 At

60 345 163 383 salva
192 359 253 384 res
280 353 348 384 est.
377 347 422 382 In
441 344 663 383 lonicorum
683 343 896 394 praesertim
917 350 955 380 et
972 343 1089 380 Ioniae

60 404 280 442 vicinorum
290 403 526 455 scriptorum
538 403 735 441 historicis
749 402 934 454 operibus
947 414 1087 439 nomen

28 465 32 468 ”
60 463 158 502 illud
172 462 440 515 quaerendum,
470 461 670 513 probabile
686 475 734 500 ex
754 475 801 501 eo
820 461 935 500 fiebat
946 491 956 510 ,
982 461 1087 512 quod

59 522 292 570 Erotianus‚
324 522 543 560 Ionicarum
569 521 785 573 glossarum
812 521 1023 572 interpres,
1048 521 1088 558 in

59 581 203 622 Lexico
225 595 296 619 suo
323 581 588 633 Hippocrateo
609 581 765 632 utrique
790 580 979 619 vocabulo
1002 574 1090 633 ὄρος

59 648 98 679 et
117 639 314 694 ὡρογράφοι
329 641 459 678 locum
478 640 656 678 dedisset.
677 658 692 675 »
713 641 863 679 Deinde
878 641 1089 679 multorum

60 702 292 753 scriptorum
310 701 493 753 operibus
504 731 514 750 ‚
535 702 576 740 in
589 701 730 753 quibus
746 710 859 740 antea
879 702 1090 754 putabatur

60 769 127 799 aut
148 761 197 799 de
217 761 307 799 anni
331 761 572 812 temporibus
595 761 729 815 (ὡραῖς)
744 791 754 810 ,
783 769 849 799 aut
876 761 925 800 de
948 761 1090 801 finibus

61 818 179 874 (ὅροις)
203 833 421 858 sermonem
442 833 542 867 esse,
569 833 706 858 verum
731 821 886 858 titulum
907 822 1088 860 restituit.

61 879 121 919 Sic
139 886 279 930 praeter
291 879 504 917 Neanthem
518 879 752 930 Cyzicenum
764 877 874 933 ὥρους
889 880 1090 931 scripsisse

61 938 236 976 videmus
249 937 506 988 Theoclytum
526 938 828 988 Methymnaeum
845 938 1000 989 (Athen.
1018 941 1090 987 XI,

60 1010 99 1049 p.
125 996 236 1050 470),
257 996 449 1035 Aethlium
473 996 626 1049 (Athen.
643 999 760 1044 XIV,
779 1011 816 1048 p.
838 997 950 1048 650),
969 998 1090 1035 Mala—

61 1068 150 1094 cum
167 1054 321 1108 (Athen.
340 1058 449 1105 XIV,
470 1069 508 1107 p.
526 1056 601 1095 653
614 1085 624 1103 ,
644 1059 689 1104 Ε,
709 1064 748 1094 et
766 1056 855 1102 650,
871 1055 933 1107 D),
950 1057 1089 1095 Alexin

62 1114 231 1155 Samium
252 1116 359 1166 (XII,
376 1128 413 1166 p.
439 1116 535 1167 5403
554 1117 678 1161 XIII,
706 1115 795 1163 572,
814 1114 877 1167 F),
900 1116 1089 1154 Duridem

60 1174 211 1226 (Athen.
234 1177 320 1223 XV,
347 1188 386 1226 p.
412 1175 510 1225 696,
530 1178 575 1221 E,
600 1175 728 1214 Schol.
753 1175 803 1213 ad
825 1174 972 1213 Hecub.
997 1179 1089 1226 934,

60 1233 250 1285 Porphyr.
266 1233 307 1271 in
319 1234 412 1272 Vita
423 1233 618 1284 Pythag.),
634 1233 910 1285 Creophylum.
935 1237 980 1272 In
994 1235 1092 1273 mul-

61 1291 110 1332 tis
129 1291 288 1343 quidem
308 1292 404 1330 locis
426 1293 564 1344 optimi
584 1292 675 1331 libri
697 1294 949 1345 manuscripti
961 1307 1091 1332 veram

61 1351 266 1389 lectionem
294 1349 404 1405 ὥρους
438 1352 643 1401 exhibent,
676 1352 744 1391 sed
773 1366 894 1404 quum
914 1353 992 1391 haec
1013 1367 1091 1391 vox

61 1410 187 1448 minus
199 1418 293 1449 nota
303 1419 414 1458 esset,
425 1425 447 1449 a
460 1411 629 1450 librariis
643 1412 872 1462 plerumque
882 1412 1048 1464 deprava
1054 1421 1092 1450 ta

59 1477 128 1508 est.
147 1500 190 1508 ..
206 1472 302 1517 Quae
326 1471 457 1508 omnia
484 1471 517 1509 si
548 1470 620 1509 sub
648 1484 768 1508 unum
795 1471 998 1510 oculorum
1023 1472 1092 1510 ad-

60 1537 236 1580 spectum
264 1529 448 1581 subjicias
456 1559 468 1578 ,
510 1544 589 1570 non
625 1531 968 1582 reprehendendus
1000 1545 1092 1570 sane

59 1588 427 1639 Schweighaeuserus
443 1589 600 1628 videtur
613 1590 644 1627 si
666 1590 782 1628 etiam
799 1590 903 1641 apud
925 1591 1086 1630 Suidam

59 1660 133 1699 pro
161 1645 251 1701 ὅροις
277 1649 414 1699 reponi
434 1647 595 1699 jusserit
621 1646 736 1703 ὥροις.
769 1653 825 1687 Ac
842 1650 1091 1701 confirmatur

60 1706 132 1745 viri
145 1706 386 1745 celeberrimi
399 1708 590 1746 sententia
604 1720 664 1755 eo,
684 1707 793 1759 quod
805 1716 948 1759 praeter
960 1708 1089 1746 locum

58 1765 232 1805 Athenaei
248 1766 364 1804 modo
387 1766 605 1814 laudatum,
625 1765 694 1804 ubi
711 1779 760 1804 ex
775 1764 878 1819 ὥροις
899 1766 1089 1804 Charonis

58 1824 242 1876 poculum
265 1828 453 1863 Alcmenae
473 1833 813 1873 commemoratur,
830 1825 928 1863 alius
949 1824 1090 1876 legitur

58 1885 163 1936 apud
176 1884 341 1923 eundem
356 1885 585 1936 scriptorem
613 1885 674 1932 (fr.
691 1884 730 1936 9)
743 1897 793 1923 ex
805 1884 904 1922 libro
919 1885 1088 1922 secundo

57 1941 171 1998 ὥρων.
196 1944 260 1982 Sic
279 1944 384 1982 enim
405 1943 590 1982 scribitur
608 1944 649 1982 in
669 1944 841 1983 melioris
859 1952 963 1982 notae
979 1943 1088 1982 libris

57 2016 130 2054 pro
149 2004 303 2055 vulgata
322 2001 424 2056 ὅρων.
460 2006 648 2042 Narratur
666 2003 723 2042 ibi
743 2017 910 2055 quanam
931 2011 1013 2041 arte
1028 2004 1088 2042 usi

57 2061 209 2100 Bisaltae
226 2062 393 2101 vicerint
412 2062 636 2101 Cardianus.
662 2063 794 2100 Potuit
813 2062 887 2100 hoc
908 2062 947 2099 in
967 2065 1086 2100 Lam-

57 2134 314 2172 psacenorum
323 2122 535 2159 Annalibus
547 2122 696 2170 referri,
716 2122 783 2160 sed
813 2122 1010 2173 quomodo
1039 2123 1085 2160 ad

57 2181 150 2218 fines
187 2193 323 2218 eorum
362 2181 553 2232 pertineat
589 2194 668 2219 non
706 2193 912 2231 assequor3
951 2190 1088 2220 contra

55 2246 194 2291 sponte
211 2240 436 2290 intelligitur
453 2241 493 2278 in
507 2240 717 2278 Annalibus
736 2244 1086 2292 Lampsacenorum

56 2297 262 2336 dicendum
283 2298 399 2337 fuisse
429 2299 543 2337 etiam
560 2299 607 2337 de
628 2299 786 2338 ditionis
808 2300 1085 2351 magnitudine,

55 2357 179 2408 deque
206 2357 340 2396 litibus
368 2371 464 2409 quas
490 2367 651 2409 propter
679 2371 860 2410 agrorum
882 2360 976 2398 fines
997 2374 1085 2400 cum

55 2418 224 2457 Parianis
239 2418 400 2469 aliisque
431 2418 609 2468 gentibus
625 2418 763 2456 vicinis
780 2417 1010 2468 habuerint;
1031 2421 1085 2459 ita

57 2485 99 2515 ut
120 2477 252 2528 fragm.
286 2490 330 2514 ιο
360 2478 411 2515 nil
431 2478 544 2515 faciat
564 2477 613 2515 ad
633 2477 945 2515 consolidandam
965 2481 1084 2519 Creu—

56 2536 133 2574 zeri
147 2536 383 2588 opinionem.
403 2554 418 2571 α
431 2545 489 2583 At,
506 2537 567 2575 vir
577 2536 821 2575 doctissimus
832 2536 938 2582 dicit,
956 2538 1084 2578 obstat

57 2595 316 2634 testimonium
344 2595 469 2635 Suidae
502 2596 561 2634 vel
589 2595 670 2647 ejus
705 2596 834 2647 potius
865 2597 1081 2648 scriptoris,

55 2666 167 2704 quem
198 2656 230 2692 is
264 2655 487 2705 exscripsit,
519 2655 587 2706 qui
620 2656 694 2693 hoc
712 2669 791 2693 non
824 2656 948 2694 solum
974 2658 1080 2707 dicit,

55 2712 271 2751 Charonum
293 2712 390 2767 ὅρους
409 2714 664 2767 Λαμψακηνῶν
681 2714 956 2765 conscripsisse
976 2727 1082 2768 qnat-

57 2780 146 2810 tuor
165 2772 293 2821 libris,
317 2772 381 2810 sed
398 2773 566 2824 primum
591 2772 723 2811 refert:
753 2773 862 2812 illum
883 2775 1082 2826 scripsisse

54 2830 132 2885 περὶ
148 2830 362 2885 Λαμψάκου,
381 2841 418 2870 et
434 2832 584 2880 deinde,
603 2832 807 2884 interjecta
822 2835 1017 2873 mentione
1033 2837 1081 2875 de

54 2890 175 2940 ipsius
194 2890 364 2941 Libycis,
384 2891 539 2942 subjicit
560 2891 723 2929 eundem
746 2892 963 2932 condidisse
982 2892 1080 2949 ὅρους

53 2949 318 3003 Λαμψακηνῶν,
337 2964 500 3001 quorum
523 2951 675 3001 quidem
691 2959 877 3002 quattuor
893 2952 947 2990 ait
960 2953 1079 2993 libros

54 3005 186 3059 fuisse,
199 3023 316 3060 quum
332 3010 432 3047 illins
450 3010 591 3061 prioris
612 3010 745 3061 scripti
756 3010 833 3048 duo
846 3019 994 3050 tantum
1009 3027 1078 3051 vo—

52 3066 197 3106 lumina
225 3079 506 3107 numerasset.»
543 3073 631 3108 Haec
661 3069 850 3108 librorum
881 3070 929 3109 de
961 3075 1075 3111 Lam-

53 3138 168 3176 psaco
195 3128 334 3166 divisio
364 3142 500 3179 parum
522 3129 603 3167 veri
626 3128 759 3167 similis
787 3137 855 3168 est.
885 3131 1000 3178 Nam,
1035 3141 1078 3169 ut

52 3193 261 3226 statuamus
287 3188 501 3227 Charonem
527 3188 604 3225 duo
638 3188 686 3227 de
715 3192 927 3239 Lampsaco
958 3204 1077 3241 opera

51 3246 333 3297 composuisse,
368 3261 533 3298 quorum
563 3248 725 3285 alterum
753 3247 800 3285 de
829 3247 971 3286 finibus
994 3250 1076 3300 agri

52 3302 298 3355 Lampsaceni
319 3307 453 3358 egerit,
468 3307 628 3344 alterum
643 3320 663 3345 a
678 3307 845 3345 civitatis
859 3307 1075 3360 originibus

51 3375 229 3402 exorsum
255 3364 490 3405 incrementa
515 3366 598 3418 ejus
621 3375 658 3404 et
684 3381 745 3406 res
766 3376 889 3419 gestas
910 3381 982 3419 per
1002 3367 1074 3406 de—

2102 160 2176 186 xix

1148 242 1302 267 cursum
1321 232 1506 282 temporis
1524 232 1774 279 enarraverit,
1790 244 1919 270 nonne
1938 233 2076 272 mirum
2098 244 2177 273 tum

1148 288 1254 336 quod
1283 290 1477 340 posterius
1506 290 1708 342 posuimus
1741 289 1838 328 duos
1867 299 2014 330 tantum
2043 292 2177 342 libros,

1148 345 1312 384 alterum
1328 361 1435 398 vero,
1453 349 1558 400 quod
1573 349 1693 387 multo
1707 350 1966 401 angustiorem
1980 353 2178 391 materiam

1149 405 1348 454 tractabat,
1366 415 1483 458 atque
1497 409 1651 447 nonnisi
1664 409 1702 446 in
1717 409 1841 460 priori
1859 423 1978 461 opere
1993 410 2075 461 jam
2096 420 2178 450 tra—

1149 470 1248 501 ctata
1256 466 1440 503 nonnulla
1451 466 1608 505 uberius
1617 468 1796 518 persequi
1805 476 1971 520 poterat,
1985 469 2179 521 duplicem

1148 521 1336 560 librorum
1360 537 1565 562 numerum
1593 527 1837 577 complexum
1857 530 1964 566 esse?
1988 551 2035 557 —
2064 530 2180 568 Ultro

1149 581 1261 630 qnasi
1282 582 1453 633 suspicio
1474 583 1718 623 subnascitur
1738 585 1835 624 duos
1855 586 2030 638 ejusdem
2051 589 2181 639 operis

1148 639 1294 677 indices
1330 654 1352 678 a
1379 641 1498 679 Suida
1532 656 1606 693 pro
1625 644 1786 683 diversis
1812 646 1997 696 operibus
2017 647 2179 685 laudari.

1147 701 1225 736 Nec
1234 698 1452 737 dubitarem
1460 701 1557 738 hanc
1568 704 1796 742 sententiam
1809 706 2004 756 amplecti,
2013 707 2087 744 nisi
2097 720 2183 744 cau-

1150 758 1224 795 tius
1257 758 1446 809 agendum
1475 772 1558 796 esse
1587 760 1761 800 diversus
1786 762 1977 802 librorum
1999 778 2182 803 numerus

1148 816 1385 855 admoneret.
1417 821 1541 858 Erunt
1577 818 1738 858 fortasse
1759 822 1825 871 qui
1844 822 1946 860 hunc
1979 824 2019 861 in
2039 824 2184 862 altero-

1148 874 1239 913 utro
1260 877 1347 914 loco
1371 885 1602 928 corruptum
1625 892 1706 916 esse
1727 879 2023 928 dicant3verum
2035 883 2110 920 hoc
2125 891 2183 920 est

1148 934 1318 973 incidere
1367 936 1536 987 nodum,
1579 950 1658 974 non
1690 946 1817 975 autem
1850 940 2010 978 solvere.
2054 945 2183 987 Quare

1150 996 1425 1034 revertendum
1441 1005 1536 1047 puto
1549 996 1600 1035 ad
1612 998 1666 1045 id,
1690 1011 1769 1048 quo
1783 1002 1996 1037 Crcuzerus
2009 1004 2184 1052 apprime

1149 1054 1299 1101 nititur,
1316 1063 1360 1093 ut
1387 1055 1466 1109 περὶ
1487 1055 1691 1110 Λαμψάκου
1713 1065 1752 1094 et
1764 1053 1898 1111 “Opouq
1915 1059 2040 1111 Λαμψ.
2065 1073 2184 1110 opera

1149 1114 1299 1152 diversa
1320 1115 1437 1153 fuisse
1463 1115 1765 1164 demonstraret3
1793 1130 1932 1169 nempe
1962 1118 2008 1155 ad
2029 1118 2183 1168 Λιὸυκὰ,

1149 1173 1252 1211 inter
1280 1173 1348 1212 illa
1373 1173 1452 1212 duo
1474 1175 1619 1225 scripta
1652 1175 1897 1227 interposita.
1931 1176 2047 1223 Quod
2073 1186 2115 1214 ut
2136 1178 2184 1215 ad

1150 1232 1443 1271 Creuzerianam
1470 1234 1699 1272 sententiam
1727 1248 1865 1286 parum
1894 1235 2106 1286 adjumenti
2128 1237 2185 1274 af-

1150 1292 1245 1341 fert,
1268 1293 1322 1331 sic
1344 1294 1422 1332 alio
1445 1293 1562 1332 modo
1583 1295 1686 1334 viam
1708 1295 1755 1333 ad
1777 1297 1929 1335 veriora
1953 1297 2097 1347 poterit
2113 1311 2185 1349 pa-

1151 1351 1328 1390 tefacere.

1203 1409 1539 1456 Quemadmodum
1562 1411 1666 1448 enim
1686 1411 1820 1450 Suidas
1849 1412 1889 1449 in
1914 1414 2186 1453 constituenda

1150 1467 1337 1506 Charonis
1356 1477 1468 1507 aetate
1487 1470 1657 1508 diversas
1678 1472 1887 1509 sententias
1906 1473 2081 1522 protulit,
2096 1487 2184 1512 eas—

1149 1540 1226 1577 que
1246 1528 1412 1578 pessime
1428 1529 1468 1566 in
1491 1542 1612 1566 unum
1636 1530 1935 1580 conglutinavit,
1960 1532 2094 1569 eadem
2118 1546 2183 1570 ra-

1151 1586 1255 1624 tione
1271 1587 1387 1624 etiam
1411 1587 1459 1625 ad
1483 1601 1645 1639 operum
1662 1589 1882 1640 catalogum
1897 1591 2183 1629 contexendum

1150 1645 1282 1696 plures
1309 1646 1435 1684 fontes
1464 1647 1706 1697 adhibuisse,
1740 1649 1867 1699 iisque
1904 1650 1957 1686 ita
1986 1662 2075 1687 usus
2102 1664 2185 1689 esse

1149 1703 1323 1753 videtur,
1356 1713 1399 1742 ut
1428 1705 1498 1743 ubi
1530 1707 1568 1743 in
1592 1705 1693 1744 libro
1713 1707 1845 1758 aliquo
1863 1707 2027 1745 indicem
2051 1710 2182 1759 operis

1150 1764 1337 1815 reperiret
1362 1764 1402 1802 in
1422 1765 1499 1802 alio
1535 1766 1642 1804 fonte
1663 1775 1730 1804 ant
1750 1780 1829 1804 non
1846 1776 2102 1805 memoratum
2118 1778 2183 1806 aut

1147 1823 1259 1861 aliter
1273 1823 1436 1875 elatum,
1454 1837 1541 1862 eum
1564 1825 1605 1862 in
1625 1825 1776 1863 lexicon
1795 1839 1906 1863 suum
1927 1827 2010 1864 sine
2030 1827 2183 1864 haesita-

1149 1882 1253 1920 tione
1281 1882 1523 1921 inscriberet.
1554 1884 1647 1922 Inde
1669 1885 1793 1922 evasit
1812 1884 2031 1923 uberrimus
2053 1894 2181 1924 noster

1147 1941 1336 1980 Charonis
1351 1956 1514 1993 operum
1530 1957 1720 1982 recensus.
1746 1945 1936 1982 Nimirum
1954 1945 2042 1982 inde
2054 1958 2077 1982 a
2088 1958 2182 1983 voce

1146 2000 1287 2039 Λιὸυκὰ
1300 2015 1402 2039 nova
1415 2002 1531 2040 series
1545 2002 1735 2040 librorum
1750 2004 1900 2054 incipit,
1917 2017 1965 2042 ex
1985 2004 2060 2042 alio
2078 2005 2182 2042 fonte

1147 2074 1263 2111 quam
1283 2074 1332 2098 ex
1346 2074 1425 2111 quo
1445 2062 1625 2111 superior
1650 2062 1826 2113 repetita.
1858 2063 2010 2100 Etenim
2043 2062 2182 2101 Λιὸυκὰ

1146 2120 1281 2170 procul
1296 2119 1417 2157 dubio
1431 2119 1534 2157 idem
1550 2133 1647 2171 opus
1663 2129 1752 2158 sunt
1766 2122 1871 2172 quod
1887 2122 1998 2159 initio
2016 2123 2181 2173 catalogi

1145 2178 1340 2217 Αἰθιοπικὰ
1367 2179 1651 2217 nominaverat.
1680 2181 1754 2219 Nec
1771 2188 1828 2217 est
1848 2194 1917 2217 cur
1942 2180 2094 2232 longius
2111 2195 2180 2218 ex-

1145 2251 1358 2289 ponamus,
1387 2251 1458 2275 cur
1474 2251 1574 2275 unus
1596 2238 1778 2290 idemque
1809 2237 1906 2276 liber
1934 2238 2006 2276 sub
2030 2239 2181 2277 duobus

1145 2300 1205 2338 his
1230 2300 1350 2338 titulis
1367 2299 1539 2351 potuerit
1556 2299 1666 2337 citari
1680 2298 1747 2352 (1).
1769 2302 1993 2350 Sequuntur
2004 2301 2043 2338 in
2056 2301 2179 2351 prima

1144 2359 1245 2397 serie
1260 2357 1423 2412 Περσικά
1436 2388 1446 2406 ,
1472 2371 1558 2409 quae
1585 2372 1706 2409 quum
1726 2359 1802 2397 alio
1822 2360 1979 2398 nomine
1994 2360 2059 2397 vix
2076 2360 2178 2398 desi-

1143 2418 1252 2469 gnari
1269 2426 1439 2470 possent,
1458 2418 1604 2455 mentio
1617 2432 1753 2456 eorum
1770 2432 1818 2456 ex
1834 2419 1954 2456 altero
1975 2419 2082 2456 fonte
2102 2433 2177 2456 non

1142 2478 1317 2516 iteratur.
1349 2477 1500 2516 Deinde
1523 2479 1744 2517 afferuntur
1763 2478 1960 2526 Ἑλληνικὰ
1976 2481 2011 2517 ἐν
2032 2479 2177 2531 βιὸλίοιι

1143 2535 1183 2574 δ’·
1221 2546 1259 2575 et
1277 2538 1315 2575 in
1332 2538 1451 2575 altera
1473 2546 1582 2588 parte
1602 2536 1675 2591 ὅροι
1707 2539 1960 2589 Λαμψακηνῶν
1979 2539 2014 2575 ἐν
2033 2537 2176 2589 βιὸλίοις

1142 2595 1190 2643 δ’,
1221 2595 1416 2650 Πρυτάνεις
1447 2594 1470 2642 ἢ
1503 2594 1668 2651 ἄρχοντες
1703 2598 1733 2634 οἱ
1758 2599 1827 2634 τῶν
1877 2596 2175 2646 Λακεδαιμονίων.

1141 2657 1303 2694 Diversa
1315 2655 1396 2693 haec
1412 2655 1614 2699 videntur3
1630 2655 1695 2693 sed
1712 2655 1989 2693 animadvertas
2007 2655 2173 2693 eundem

1139 2716 1327 2754 librorum
1358 2728 1561 2753 numerum
1593 2716 1630 2753 in
1663 2725 1829 2766 utroque
1854 2729 1970 2766 opere
1993 2716 2170 2764 excitari3

1139 2775 1279 2814 deinde
1309 2783 1462 2827 reputes
1502 2775 1605 2825 quod
1624 2775 1663 2812 in
1681 2773 1995 2812 antecedentibus
2028 2777 2174 2824 monui,

1139 2835 1242 2873 hunc
1272 2835 1461 2873 librorum
1491 2847 1694 2872 numerum
1725 2832 1876 2870 admitti
1904 2846 1982 2870 non
2004 2846 2120 2884 posse
2143 2836 2172 2873 si

1139 2907 1225 2931 cum
1256 2896 1449 2933 Creuzero
1476 2893 1569 2931 illud
1600 2890 1698 2944 ὅρους
1726 2892 1890 2929 retinere
1911 2892 2027 2940 velis,
2059 2894 2120 2931 vel
2143 2895 2173 2932 si

1137 2952 1247 3005 ὥρους
1271 2954 1526 3006 Λαμψακηνῶν
1546 2951 1696 3001 legeris,
1714 2951 1803 3002 quia
1826 2959 1906 2989 tuin
1925 2966 2003 2989 non
2025 2952 2172 2990 intelli-

1137 3013 1239 3063 gitur
1264 3012 1356 3063 quid
1378 3011 1493 3049 suerit
1514 3011 1677 3047 alterum
1695 3022 1794 3060 opus
1816 3008 1897 3062 περὶ
1918 3009 2119 3062 Λαμψάκου
2136 3012 2171 3049 ἐν

1138 3070 1282 3122 βιὸλίοις
1295 3071 1471 3122 β’;Ῑ)οιϊο
1480 3068 1700 3106 consideres
1716 3068 1883 3106 duoliaec
1909 3082 2028 3119 opera
2051 3069 2171 3120 Liby-

1137 3143 1269 3167 cornm
1284 3129 1478 3166 mentione
1486 3128 1658 3178 sejuncta
1670 3137 1886 3179 esse,atque
1899 3128 2060 3166 alterum
2079 3142 2168 3166 con-

1130 3189 1306 3239 junctum
1319 3201 1407 3225 cum
1418 3187 1519 3225 libro
1541 3187 1766 3239 deRegibus
1780 3187 2169 3226 Lacedae1110ni01-u1n.

1135 3251 1230 3294 Qnae
1249 3247 1376 3284 omnia
1398 3247 1436 3284 in
1457 3260 1576 3284 unum
1593 3255 1773 3298 congesta
1796 3246 2049 3299 persuadent,
2071 3248 2168 3285 sicut

1175 3335 1219 3377 (1)
1244 3334 1364 3375 Libyca
1398 3334 1461 3368 ista
1488 3335 1623 3368 fortasse
1655 3336 1818 3375 pertinent
1834 3335 1876 3367 ad
1892 3336 2073 3368 Chai-onem
2091 3337 2165 3368 Car-

1133 3382 1379 3424 maginiensem.

1952 3466 1985 3500 b.
