2320 3684
148 180 219 213 166
754 165 1134 207 ΑΠΟΛΛΟΔΩΡΟΥ
1161 165 1510 204 ΒΙΒΛΙΟΘΗΚΗΣ
1537 165 1579 211 Γ,
1609 162 1641 201 ι’.

143 262 158 287 7
170 258 346 298 Ἀπόλλων
356 258 391 296 δὲ
403 257 504 296 αὐτὸν
519 256 602 310 πρὸς
615 255 682 294 Δία
696 252 857 304 κομίσας,
866 251 929 295 τὰς
940 250 1022 303 βόας
1030 250 1169 303 ἀπῄτει.
1227 260 1269 294 ad
1281 262 1400 294 Jovem
1414 261 1477 294 seit
1491 270 1529 294 ac
1540 261 1640 293 boves
1653 260 1804 302 reposcit.
1830 262 1850 293 J
1853 259 1971 293 ubente
1994 262 2075 293 Jove
2092 263 2127 293 ut
2150 259 2254 294 boves

144 317 225 361 Διὸς
239 315 275 355 δὲ
292 314 490 357 κῑλεῦθντῡς
507 315 696 352 ἀποδοῦναι
710 340 722 356 2
736 313 885 364 ἠρνεῖτο·
901 308 963 357 Μὴ
977 309 1105 348 πείθων
1123 306 1173 357 δὲ,
1227 325 1352 365 reddat,
1366 325 1531 358 infitiatur.
1549 326 1610 358 Sed
1626 334 1726 366 quum
1745 334 1809 357 non
1836 325 2061 366 persuaderet,
2073 324 2252 366 Apollinem

146 375 222 427 ἄγει
237 375 295 414 τὸν
312 373 515 414 Ἀπόλλωνα
534 374 581 415 εἷς
602 368 721 411 116on
736 369 796 408 καὶ
815 369 876 412 τὰς
895 367 976 421 βόας
995 367 1174 407 ἀποδίδω”
1226 390 1342 431 Pylum
1355 390 1446 423 ducit
1456 391 1489 423 et
1498 390 1598 423 boves
1611 391 1762 423 restituit.
1779 390 1893 431 Apollo
1905 398 1982 422 vero
1991 390 2095 431 lyram
2107 390 2252 431 audiens,

145 449 212 472 σιν.
232 432 398 475 Ἀκούσας
416 430 452 470 δὲ
468 434 531 477 τῆς
546 428 682 483 λύραςὸ
693 427 870 467 Ἀπόλλων
883 426 1028 474 αἰτήσας
1041 425 1173 473 ταύτην

146 491 283 540 ἔλαὸεν,
303 491 438 543 Ἑρμοῦ
459 488 593 535 ἐκείνην
613 485 776 530 διδόντος.
800 486 845 525 Ὁ
870 485 899 523 δ’
918 483 1096 524 Ἀπόλλων
1115 487 1175 524 ἀν-

145 548 375 591 τιδίδωσιτὰς
387 546 480 599 βόας.
501 548 518 572 ⁸
532 547 668 600 Ἑρμῆς
684 543 720 583 δὲ
736 543 865 588 ταύτας
883 542 1013 595 νέμων,

146 608 251 647 πάλιν
275 605 474 656 πηξάμενος
500 603 665 658 ἐσύριζεν.
687 601 866 647 Ἀπόλλων
893 601 929 641 δὲ
954 601 1014 640 καὶ
1044 600 1174 648 ταύτην

149 665 355 719 βουλόμενος
380 663 515 712 λαὸεἶν,
543 661 607 710 τὴν
640 664 775 716 χρυσῆν
811 661 936 715 ῥάὸδον
969 660 1103 709 ἐδίδου,
1132 659 1174 707 ἣν

147 724 315 771 ἐκέκτητο
327 723 516 776 βουκολῶν.
534 721 604 760 9‘0
619 720 656 760 δὲ
672 721 731 759 καὶ
742 719 872 768 ταύτην
892 719 1012 758 λαὸεῖν
1025 719 1100 758 ἀντὶ
1114 721 1177 766 τῆς

148 782 308 837 σύριγγος
323 782 425 830 ἤθελε
438 813 447 830 ,
465 780 525 820 καὶ
539 780 604 828 τὴν
622 778 794 831 μαντικὴν
813 780 966 818 ἐπελθεῖν
980 794 988 802 ·
1018 778 1078 816 καὶ
1099 777 1176 821 δοὺς

148 842 348 880 διδάσκεται
375 839 439 888 τὴν
473 839 529 878 διὰ
543 842 612 878 τῶν
632 838 758 893 ψήφων
780 837 966 890 μαντικήν.
992 838 1023 863 ¹⁰
1037 835 1124 881 Ζεὺς
1141 836 1177 874 δὲ

149 899 252 939 αὐτὸν
272 899 410 953 κήρυκα
429 901 554 937 ἑαυτοῦ
568 897 628 936 καὶ
646 899 731 936 θεῶν
749 895 965 949 ὑποχθονίων
984 895 1112 943 τίθησι.

204 960 254 1011 (3)
276 957 443 1010 Ταϋγέτη
464 957 501 996 δὲ
526 959 566 996 ἐκ
585 957 666 1001 Διὸς
689 956 956 1007 Λακεδαίμονα·
974 955 1034 1009 ἀφ’
1053 949 1093 993 οῧ
1116 954 1176 993 καὶ

149 1018 384 1070 Λακεδαίμων
402 1021 423 1065 ἡ
442 1016 542 1071 χώρα
558 1018 727 1055 καλεῖται.
745 1014 762 1039 ²
774 1014 1032 1066 Λακεδαίμονος
1059 1012 1095 1052 δὲ
1117 1013 1177 1051 καὶ

149 1077 318 1131 Σπάρτης
333 1080 395 1124 τῆς
414 1075 565 1131 Εὐρώτα
577 1107 587 1125 ,
603 1075 639 1119 ὃς
656 1070 698 1123 ἦν
717 1074 786 1113 ἀπὸ
803 1073 953 1126 Λέλεγος
971 1072 1178 1126 αὐτόχθονος

149 1137 208 1175 καὶ
226 1135 364 1191 νύμφης
383 1132 512 1183 Νηίδος
532 1136 790 1188 Κλεοχαρείας,
811 1132 985 1185 Ἀμύκλας
1009 1132 1069 1170 καὶ
1102 1132 1178 1170 Εὖ-

152 1195 288 1249 ρυδίκη,
300 1196 342 1242 ἣν
360 1195 489 1247 ἔγημεν
505 1193 686 1248 Ἀκρίσιος.
708 1197 724 1222 3
741 1191 900 1244 Ἀμύκλα
914 1190 1020 1229 δὲκαὶ
1039 1189 1179 1241 Διομή-

151 1256 213 1302 δης
230 1258 293 1302 τῆς
328 1253 490 1293 Λαπίθου
526 1251 707 1306 Κυνόρτης
734 1252 793 1290 καὶ
823 1251 1015 1293 Ὑάκινθος.
1043 1251 1178 1288 Τοῦτον

151 1307 240 1352 εἶναι
254 1312 470 1356 Ἀπόλλωνος
482 1311 655 1366 ἐρώμενον
673 1311 833 1362 λέγουσιν
844 1326 852 1333 ·
864 1309 901 1348 ὃν
919 1309 1028 1361 δίσκῳ
1049 1305 1179 1359 βαλὼν,

152 1371 246 1410 ἄκων
268 1371 462 1410 ἀπέκτεινε.
483 1369 686 1423 4Κυνόρτου
722 1368 759 1407 δὲ
788 1368 986 1422 Περιήρης,
1021 1366 1057 1410 ὃς
1075 1371 1181 1418 γαμεῖ

151 1430 372 1485 Γοργοφόνην
393 1429 456 1477 τὴν
476 1428 659 1483 Περσέως,
676 1428 833 1482 καθάπερ
851 1425 1068 1480 Στησίχορός
1082 1440 1181 1479 φησι,

151 1490 211 1528 καὶ
242 1490 352 1528 τίκτει
378 1488 602 1542 Τυνδάρεων,
631 1487 795 1541 Ἰκάριον,
823 1484 992 1541 Ἀφαρέα,
1023 1483 1182 1523 Λεύκιπ-

152 1563 230 1587 πον.
249 1544 265 1575 5
284 1546 459 1602 Ἀφαρέως
477 1546 539 1598 μὲν
557 1541 616 1585 οῧν
634 1546 693 1584 καὶ
720 1544 884 1600 Ἀρήνης,
913 1547 976 1591 τῆς
1003 1541 1182 1590 Οἶὸάλου,

151 1606 311 1659 Λυγκεύς
335 1622 373 1644 τε
390 1605 450 1644 καὶ
477 1605 573 1649 Ἴδας
594 1605 654 1644 καὶ
689 1607 829 1648 Πεῖσος·
857 1602 948 1642 κατὰ
969 1600 1120 1645 πολλοὺς
1148 1599 1183 1638 δὲ

151 1664 248 1709 Ἴδας
273 1667 312 1704 ἐκ
338 1665 557 1708 Ποσειδῶνος
581 1664 733 1716 λέγεται.
758 1662 914 1715 Λυγκεὺς
941 1660 978 1700 δὲ
1005 1659 1185 1714 ὀξυδερκίᾳ

153 1723 345 1776 διήνεγκεν,
362 1725 408 1767 ὡς
424 1723 484 1762 καὶ
498 1723 540 1762 τὰ
560 1723 627 1761 ὑπὸ
645 1725 710 1774 γῆν
730 1725 881 1775 θεωρεῖν.
899 1722 916 1747 6
928 1721 1133 1760 Λευκίππου
1148 1718 1184 1757 δὲ

156 1783 230 1833 [καὶ
242 1783 438 1830 Φιλοδίκης
448 1785 511 1830 τῆς
530 1782 699 1834 Ἰνάχου,]
717 1779 901 1834 θυγατέρες
918 1779 1075 1832 ἐγένοντο
1085 1778 1185 1818 Ἱλά-

154 1858 230 1896 ειρα
249 1842 308 1880 καὶ
328 1842 461 1889 Φοίὸη.
494 1840 636 1884 Ταύτας
653 1840 892 1894 ἁρπάσαντες,
913 1839 1048 1890 ἔγημαν
1076 1837 1186 1877 Διόσ-

153 1916 283 1956 κουροι.
304 1901 399 1955 Πρὸς
425 1900 462 1939 δὲ
485 1899 628 1944 ταύταις
658 1897 836 1953 Ἀρσινόην
863 1897 1038 1949 ἐγέννησε.
1060 1896 1184 1949 Ταύτῃ

155 1961 319 2013 μίγνυται
332 1959 508 1999 Ἀπόλλων
522 1975 530 1983 ·
545 1962 567 2006 ἡ
587 1958 624 1996 δὲ
643 1957 852 2006 Ἀσκληπιὸν
865 1963 982 2010 γεννᾷ.
1002 1958 1018 1982 7
1033 1956 1136 2000 Τινὲς
1150 1954 1186 1994 δὲ

155 2018 366 2066 Ἀσκληπιὸν
382 2020 445 2056 οὐκ
461 2016 496 2062 ἐξ
511 2016 688 2071 Ἀρσινόης
704 2019 766 2063 τῆς
786 2015 990 2055 Λευκίππου
1010 2014 1187 2067 λέγουσιν,

155 2078 233 2117 ἀλλ’
254 2079 293 2116 ἐκ
312 2076 510 2132 Κορωνίδος
534 2079 597 2123 τῆς
623 2075 787 2127 Φλεγύου
821 2077 856 2114 ἐν
878 2074 1074 2129 Θεσσαλία.
1114 2074 1187 2114 Καί

156 2153 260 2192 φασιν
279 2139 468 2191 ἐρασθῆναι
483 2135 615 2183 ταύτης
634 2134 837 2174 Ἀπόλλωνα
849 2165 859 2183 ,
876 2134 935 2173 καὶ
955 2133 1079 2178 εὐθέως
1101 2150 1187 2176 σιν-

157 2200 266 2238 ελθεῖν
279 2214 286 2222 ·
308 2199 325 2224 8
338 2197 401 2245 τὴν
421 2195 458 2235 δὲ
477 2196 574 2251 παρὰ
592 2195 656 2243 τὴν
676 2200 737 2234 τοῦ
756 2195 886 2250 πατρὸς
898 2194 1043 2247 γνώμην
1059 2194 1188 2246 ἑλομέ-

155 2273 219 2305 νην
232 2256 352 2309 Ἴσχυϊ
372 2259 422 2310 τῷ
442 2255 600 2299 Καινέως
613 2256 752 2309 ἀδελφῷ
776 2261 958 2293 συνοικεῖν.
979 2265 995 2290 9
1010 2253 1186 2293 Ἀπόλλων

158 2318 194 2355 δὲ
210 2316 268 2355 τὸν
289 2315 351 2368 μὲν
373 2314 636 2366 ἀπαγγείλαντα
655 2314 790 2368 κόρακα
815 2320 1029 2367 καταρᾶται,
1048 2313 1084 2352 ὃν
1102 2312 1189 2357 τέως

157 2375 279 2414 λευκὸν
301 2375 385 2414 ὄντα
414 2374 558 2422 ἐποίησε
594 2375 748 2425 μέλανα·
778 2372 886 2420 αὐτὴν
923 2372 958 2411 δὲ
995 2373 1186 2411 ἀπέκτεινε.

161 2436 193 2461 ¹⁰
206 2433 407 2485 Καιομένης
417 2432 453 2471 δὲ
465 2434 572 2480 αὐτῆς
587 2432 748 2486 ἁρπάσας
756 2431 795 2470 τὸ
805 2431 929 2486 βρέφος
940 2434 979 2470 ἐκ
989 2434 1050 2478 τ’ῆς
1058 2438 1169 2485 πυρᾶς
1177 2462 1187 2480 ,

157 2493 244 2548 πρὸς
260 2492 419 2547 Χείρωνα
439 2491 497 2530 τὸν
515 2490 714 2545 Κένταυρον
732 2490 874 2542 ἤνεγκε·
894 2491 977 2544 παρ’
991 2485 1020 2544 ᾧ
1045 2490 1105 2528 καὶ
1124 2489 1188 2538 τὴν

159 2551 318 2607 ἰατρικὴν
339 2551 399 2590 καὶ
427 2549 490 2598 τὴν
517 2548 748 2602 κυνηγετικὴν
769 2548 977 2603 τρεφόμενος
1006 2549 1187 2600 ἐδιδάχθη.

164 2612 232 2650 Καὶ
251 2610 435 2663 γενόμενος
452 2609 707 2663 χειρουργικὸς,
727 2608 786 2646 καὶ
803 2607 866 2655 τὴν
884 2607 1012 2659 τέχνην
1034 2608 1190 2655 ἀσκήσας

161 2672 219 2709 ἐπὶ
238 2669 349 2719 πολὺ,
372 2673 410 2708 οὖ
435 2667 540 2721 μόνον
562 2667 694 2707 ἐκώλυέ
716 2683 814 2711 τινας
844 2667 1091 2716 ἀποθνήσκειν,
1112 2667 1189 2705 ἀλλ’

162 2729 322 2783 ἀνήγειρε
339 2728 399 2767 καὶ
418 2727 497 2771 τοὺς
513 2726 759 2771 ἀποθανόντας.
789 2727 816 2752 ¹¹
838 2725 944 2780 Παρὰ
959 2725 1026 2780 γὰρ
1047 2726 1191 2773 Ἀθηνᾶς

160 2788 279 2827 λαὸὼν
303 2790 343 2826 ἐκ
364 2789 433 2826 τῶν
455 2786 592 2841 φλεὸῶν
610 2789 673 2833 τ’ῆς
690 2784 859 2840 Γοργόνος
889 2784 965 2839 ῥυὲν
996 2779 1104 2836 αἷμα,
1139 2788 1190 2838 τῷ

164 2847 226 2898 μὲν
246 2849 285 2886 ἐκ
300 2849 370 2885 τῶν
389 2848 579 2900 ἀριστερῶν
600 2844 732 2899 ῥυέντι,
751 2844 836 2899 πρὸς
855 2843 983 2899 φθορὰν
999 2843 1190 2894 ἀνθρώπων

164 2908 292 2959 ἐχρῆτο
305 2922 312 2929 ·
324 2908 374 2959 τῷ
395 2904 430 2944 δὲ
448 2907 487 2944 ἐκ
504 2907 573 2944 τῶν
589 2903 722 2954 δεξιῶν,
739 2904 824 2958 πρὸς
842 2903 1030 2980 σωτηρίαν.
1043 2903 1116 2943 Καὶ
1135 2902 1192 2941 διὰ

163 2964 286 3004 τούτου
303 2963 381 3008 τοὺς
405 2963 614 3011 τεθνηκότας
633 2963 825 3017 ἀνήγειρεν.
853 2964 884 2989 ¹²
909 2964 1023 3016 Ευρον
1043 2961 1081 3001 δέ
1097 2978 1192 3006 τινας

164 3022 371 3073 λεγομένους
394 3025 587 3070 ἀναστῆναι
614 3023 672 3061 ὑπ’
693 3024 798 3061 αὐτοῦ
823 3021 996 3061 Καπανέα
1024 3022 1083 3061 καὶ
1121 3025 1193 3062 Λυ-

166 3084 381 3134 κοῦργον,ὡς
401 3082 471 3133 [δὲ]
493 3082 710 3136 Στησίχορός
730 3098 835 3137 φησιν
850 3084 885 3121 ἐν
908 3081 1092 3136 Ἐριφύλῃ·
1112 3082 1192 3121 Ἱπ-

166 3139 329 3188 πόλυτον,
350 3143 396 3183 ὡς
413 3144 431 3179 ὃ
447 3141 491 3179 τὰ
508 3141 745 3180 Ναυπακτικὰ
757 3141 959 3196 συγγράψας
969 3141 1075 3194 λέγει·
1095 3143 1192 3180 Τυν-

168 3199 313 3252 δάρεων,
333 3197 378 3242 ὥς
402 3214 487 3251 φησι
507 3200 705 3244 Πανύασις·
726 3199 929 3252 “Υμε’ναιον,
947 3202 994 3245 ὡς
1018 3203 1050 3240 οἱ
1069 3201 1195 3255 Ὀρφι-

167 3257 223 3295 κοὶ
256 3255 407 3307 λέγουσι·
429 3259 587 3297 Γλαῦκον
608 3258 666 3297 τὸν
694 3259 852 3308 Μίνωος,
872 3262 919 3304 ὡς
937 3259 1194 3315 Μελησαγόρας

167 3315 272 3367 λέγει.
294 3315 347 3367 (4)
369 3314 455 3358 Ζεὺς
478 3315 514 3354 δὲ
544 3317 723 3370 φοὸηθεὶς,
745 3318 794 3370 μὴ
824 3318 989 3363 λαὸόντες
1017 3319 1193 3374 ἄνθρωποι

169 3373 352 3428 θεραπείαν
381 3374 463 3427 παρ’
488 3376 611 3425 αὐτοῦ,
634 3379 805 3428 βοηθῶσιν
834 3378 1016 3429 ἀλλήλοις,
1050 3379 1190 3434 ε’κεραῶ

1227 454 1359 495 petitam
1372 463 1391 487 a
1400 455 1560 488 Mercurio
1570 455 1693 496 accepit
1703 464 1761 496 pro
1771 463 1872 495 eaque
1883 454 1971 487 dedit
1979 454 2007 486 ei
2020 453 2131 486 boves.
2143 459 2157 478 ⁸
2165 456 2253 492 Quas

1027 542 1175 598 σύριγνα
1198 521 1204 584 Ι
1227 526 1363 558 pascens
1378 519 1557 551 Mercurius
1580 519 1678 551 etiam
1699 518 1841 551 fistulam
1858 518 2020 559 compegit
2044 518 2255 559 compactam-

1137 577 1144 595 t

1228 590 1292 622 que
1311 581 1448 615 inflavit.
1474 585 1566 615 Hanc
1587 591 1717 624 quoque
1743 582 1856 624 Apollo
1877 582 2042 623 possidere
2070 581 2256 615 desiderans

1228 652 1358 677 auream
1372 645 1496 687 virgam
1513 645 1611 686 dedit,
1628 654 1726 686 quam
1742 654 1844 687 quum
1858 645 1959 678 boves
1973 644 2060 686 apud
2082 644 2257 678 Admetum

1228 708 1380 750 pascebat
1407 711 1584 750 acceperat.
1609 714 1624 733 ⁹
1642 709 1699 742 Ille
1721 712 1830 743 autem
1853 711 1886 742 et
1910 709 2035 750 virgam
2058 708 2175 742 hahere
2198 717 2257 751 pro

1229 772 1337 804 fistula
1359 773 1464 805 voluit
1486 774 1518 805 et
1533 773 1731 806 vaticinandi
1753 777 1854 806 artem
1869 773 2044 806 addiscere.
2064 774 2147 806 Data
2162 773 2260 814 igitur

1230 836 1355 878 fistula,
1371 846 1428 878 per
1451 832 1593 870 calculos
1614 838 1788 871 vaticinari
1803 838 1948 870 docetur.
1969 842 1996 862 ¹⁰
2012 839 2118 879 Atque
2133 838 2261 878 Jupiter

1230 909 1306 933 eum
1314 902 1347 933 et
1356 901 1407 933 sui
1414 901 1515 942 ipsius
1522 903 1554 934 et
1562 902 1695 934 deorum
1703 902 1879 935 inferorum
1887 910 2068 943 praeconem
2079 901 2260 934 constituit.

1274 960 1319 1000 (3)
1342 961 1481 1000 Taygete
1513 969 1552 992 ex
1579 962 1662 993 Jove
1681 960 1806 1003 peperit
1827 960 2093 992 Lacedaemonem
2110 983 2120 999 ‚
2150 968 2170 991 a
2195 969 2262 1002 quo

1231 1021 1478 1054 Lacedaemonia
1489 1023 1575 1054 terra
1585 1022 1750 1054 nominata
1762 1025 1821 1055 est.
1834 1027 1849 1046 2
1860 1023 2073 1055 Lacedaemon
2085 1024 2118 1055 et
2130 1023 2261 1063 sparta,

1230 1085 1373 1125 Eurotae,
1390 1085 1447 1125 qui
1462 1085 1532 1126 ipse
1554 1085 1639 1117 filius
1652 1086 1720 1117 erat
1738 1085 1861 1126 Lelegis
1879 1085 2039 1126 indigenae
2059 1086 2092 1117 et
2107 1085 2260 1118 Cleocha-

1233 1143 1289 1175 riae
1302 1143 1423 1176 Naidos
1443 1144 1607 1185 nymphae,
1633 1146 1871 1185 progenuerunt
1894 1145 2062 1185 Amyclam
2077 1146 2109 1177 et
2126 1143 2264 1185 Eurydi-

1233 1212 1305 1244 cen,
1322 1213 1421 1245 quam
1430 1214 1565 1238 uxorem
1580 1206 1675 1238 duxit
1689 1206 1845 1238 Acrisius.
1859 1211 1873 1230 τ
1885 1206 2030 1248 Amyclae
2039 1209 2072 1239 et
2085 1207 2264 1247 Diomedae,

1232 1267 1390 1308 Lapithae,
1404 1267 1536 1300 fuerunt
1546 1270 1707 1309 Gynortes
1721 1270 1754 1301 et
1766 1269 1980 1310 Hyacinthus.
1996 1271 2090 1302 Hunc
2104 1269 2263 1311 Apollinis

1234 1329 1394 1361 amasium
1409 1329 1511 1362 fuisse
1527 1330 1642 1362 dicunt
1653 1355 1662 1370 ,
1680 1330 1737 1371 qui
1762 1330 1852 1363 disco
1873 1339 2063 1372 percussum
2080 1331 2204 1364 invitus
2219 1332 2266 1364 in-

1236 1391 1371 1423 terfecit.
1384 1396 1398 1416 ⁴
1410 1393 1564 1432 Cynortae
1574 1391 1660 1424 filius
1673 1394 1724 1425 est
1736 1393 1889 1433 Perieres,
1905 1395 1962 1435 qui
1977 1394 2072 1426 duxit
2082 1395 2267 1436 Gorgopho·

1234 1461 1297 1485 nen
1315 1453 1424 1485 Persei
1438 1453 1537 1486 filiam
1550 1479 1559 1495 ,
1574 1456 1611 1486 ut
1625 1455 1828 1487 Stesichorus
1857 1455 1953 1497 dicit,
1977 1465 2018 1489 ex
2041 1466 2142 1498 eaque
2159 1457 2270 1499 genuit

1236 1516 1454 1556 Tyndareum,
1462 1517 1613 1558 Icarium,
1623 1518 1818 1559 Aphareum,
1826 1519 2054 1560 Leucippum.³
2062 1521 2162 1552 Porro
2169 1521 2269 1561 Apha-

1236 1579 1283 1611 rei
1301 1581 1334 1612 et
1353 1582 1487 1620 Arenes,
1502 1580 1613 1612 OEbali
1628 1580 1716 1621 filiae,
1730 1581 1860 1614 fuerunt
1875 1583 2025 1623 Lynceus
2037 1583 2069 1614 et
2084 1582 2160 1615 Idas
2171 1585 2204 1615 et
2218 1583 2268 1615 Pi-
2302 1614 2306 1615 ι

1237 1650 1305 1674 sus.
1330 1642 1426 1674 Multi
1439 1644 1549 1674 tamen
1574 1642 1666 1674 Idam
1685 1644 1825 1684 Neptuni
1849 1643 1952 1675 filium
1978 1643 2103 1676 dicunt.
2119 1645 2269 1685 Lynceus

1237 1706 1327 1735 tanto
1348 1703 1518 1735 oculorum
1540 1704 1689 1736 acumine
1704 1704 1881 1745 gaudebat,
1902 1707 1938 1737 ut
1951 1706 2047 1738 etiam
2068 1714 2142 1747 quae
2158 1705 2270 1738 subter

1237 1767 1355 1798 terram
1371 1768 1491 1807 essent,
1503 1766 1636 1799 videret.
1653 1771 1667 1790 θ
1678 1767 1862 1809 Leucippus
1876 1767 1928 1809 [ex
1939 1768 2116 1808 Philodice,
2130 1768 2268 1810 Inachi,]

1239 1829 1470 1871 filiassuscepit
1476 1830 1631 1862 Hilairam
1639 1833 1671 1863 et
1681 1830 1921 1871 Phoeben,quas
1931 1833 2039 1873 raptas
2050 1841 2169 1864 uxores
2176 1832 2273 1866 duxe-

1239 1894 1316 1926 runt
1345 1893 1504 1925 Dioscuri.
1522 1896 1638 1926 Praeter
1666 1893 1725 1925 has
1749 1895 1907 1927 Arsinoen
1935 1895 2063 1936 genuit,
2091 1903 2166 1936 quae
2195 1903 2273 1928 cum

1238 1956 1386 1997 Apolline
1409 1965 1582 1998 congressa
1596 1958 1720 1998 peperit
1733 1957 1968 1998 AEsculapium.
1990 1965 2003 1985 ⁷
2014 1958 2168 1990 Nonnulli
2194 1966 2273 1991 vero

1239 2019 1463 2060 AEsculapium
1475 2027 1540 2051 non
1552 2028 1592 2051 ex
1604 2019 1751 2059 Arsinoe,
1766 2019 1919 2061 Leucippi
1933 2019 2008 2060 filia,
2022 2022 2136 2052 natum
2147 2020 2271 2061 dicunt,

1240 2081 1297 2113 sed
1307 2090 1348 2113 ex
1359 2080 1531 2121 Coronide,
1543 2080 1704 2121 Phlegyae,
1717 2080 1751 2112 in
1761 2080 1937 2120 Thessalia;
1949 2082 2046 2121 atque
2057 2080 2154 2122 hujus
2164 2089 2274 2114 amore

1239 2146 1370 2186 captum
1381 2143 1561 2185 Apollinem
1572 2143 1664 2184 ajunt
1676 2143 1787 2175 statim
1799 2151 1875 2174 cum
1885 2151 1922 2174 ea
1932 2142 2175 2175 concubuisse-⁰
2182 2145 2274 2176 Hanc

1239 2214 1316 2238 vero
1330 2207 1441 2238 contra
1457 2205 1763 2247 patrisvoluntatem
1779 2213 1838 2236 sua
1853 2206 1968 2246 sponte
1986 2212 2061 2237 cum
2070 2205 2196 2246 Ischye‚
2206 2205 2274 2237 Cae-

1240 2266 1291 2298 nei
1309 2266 1422 2306 fratre,
1441 2266 1667 2299 concubuisse.
1686 2266 1822 2307 ³Apollo
1844 2266 2018 2300 delatorem
2036 2276 2171 2300 corvum
2189 2276 2274 2300 exse·

1241 2331 1348 2360 oratur
1358 2331 1389 2361 et
1399 2329 1454 2370 qui
1465 2329 1633 2370 hucusque
1640 2328 1733 2361 albus
1748 2329 1853 2361 tuerat
1866 2328 1898 2360 in
1909 2329 2036 2370 nigrum
2046 2331 2272 2371 commutavit,

1242 2390 1344 2432 ipsam
1356 2400 1433 2423 vero
1448 2392 1644 2424 Coronidem
1664 2391 1834 2424 interfecit.
1854 2395 1881 2414 ¹⁰
1896 2393 1977 2430 Quae
1989 2402 2091 2434 quum
2107 2393 2274 2426 combure·

1241 2453 1347 2493 hatur,
1356 2453 1470 2495 Apollo
1483 2454 1639 2487 infantem
1650 2464 1727 2496 rogo
1740 2455 1859 2496 eripuit
1869 2457 1900 2488 et
1913 2455 1951 2487 ad
1963 2455 2135 2488 Chironem
2149 2456 2276 2488 centau-

1242 2525 1314 2548 rum
1331 2516 1423 2556 tulit,
1441 2526 1459 2549 a
1478 2526 1544 2558 quo
1556 2517 1713 2550 educatus
1733 2519 1832 2550 artem
1850 2517 2007 2550 medicam
2021 2519 2054 2550 et
2068 2518 2274 2550 venationem

1242 2579 1375 2612 edoctus
1387 2582 1446 2612 est.
1464 2582 1577 2622 Itaque
1589 2589 1691 2622 quum
1707 2581 1876 2622 chirurgus
1891 2580 2068 2613 exstitisset
2081 2589 2118 2613 ac
2134 2581 2275 2614 multum

1243 2643 1324 2674 sein
1340 2643 1401 2675 hac
1412 2646 1480 2675 arte
1493 2643 1707 2684 exercuisset,
1727 2653 1794 2676 non
1807 2643 1913 2675 solum
1930 2643 2099 2685 impedivit
2114 2643 2273 2685 quosdam

1245 2706 1419 2746 quominus
1432 2708 1643 2745 morerentur,
1661 2706 1719 2738 sed
1733 2705 1831 2738 etiam
1850 2707 1996 2738 mortuos
2011 2705 2044 2737 in
2061 2705 2164 2738 vitam
2182 2712 2274 2738 revo-

1243 2767 1341 2798 cavit.
1359 2767 1383 2786 ¹¹
1398 2769 1479 2799 Nam
1495 2767 1571 2808 quia
1586 2777 1605 2799 a
1619 2768 1765 2800 Minerva
1775 2768 1992 2809 sanguiueme
2008 2768 2167 2809 Gorgonis
2182 2767 2289 2801 veuis‘

1243 2829 1427 2862 effluentem
1438 2833 1612 2871 acceperat,
1621 2830 1677 2871 qui
1690 2839 1731 2863 ex
1743 2831 1835 2864 laevis
1848 2831 2026 2872 effluxerat,
2044 2831 2078 2863 in
2089 2830 2275 2864 mortalium

1244 2891 1418 2934 perniciem
1428 2915 1438 2931 ‚
1454 2892 1510 2933 qui
1526 2894 1633 2924 autem
1648 2901 1666 2924 e
1685 2893 1828 2933 dextris,
1844 2893 1886 2926 ad
1901 2903 2013 2926 eorum
2032 2894 2170 2928 salutem
2186 2893 2291 2928 adlit-2
2318 2907 2320 2909 ¹

1245 2952 1352 2985 bebat.
1365 2955 1470 2994 Atque
1479 2953 1577 2994 huJus
1587 2962 1647 2994 ope
1657 2956 1802 2986 mortuos
1814 2955 2029 2988 resuscitavit.
2051 2960 2078 2979 ¹2
2088 2958 2210 2988 Eorum
2219 2951 2293 2998 qus>¹

1245 3016 1286 3049 ab
1298 3025 1336 3048 eo
1352 3015 1385 3047 in
1400 3015 1502 3047 vitam
1519 3015 1660 3048 restituti
1678 3025 1749 3048 esse
1765 3016 1937 3057 dicuntur,
1951 3017 2059 3050 inveni
2076 3018 2174 3050 hosce
2191 3027 2199 3049 ε
2216 3019 2276 3050 ca·

1245 3089 1386 3122 paneum
1397 3082 1428 3112 et
1439 3081 1634 3121 Lycurgum,
1647 3081 1684 3111 ut
1699 3079 1900 3112 Stesichorus
1913 3080 1957 3112 ait
1968 3081 2002 3112 in
2016 3081 2187 3122 Eriphyle:
2203 3081 2276 3122 Hip·

1245 3143 1404 3193 polytum,
1420 3144 1457 3174 ut
1471 3141 1741 3183 Naupacticorum
1757 3144 1870 3174 auctor
1885 3142 1981 3181 dicit;
2001 3143 2219 3184 Tyndareum,
2236 3143 2282 3177 ut.

1246 3205 1290 3237 ait
1308 3203 1480 3245 Panyasis;
1497 3205 1722 3244 Hymenaeum,
1738 3204 1776 3235 ut
1791 3203 1922 3244 Orphici
1949 3203 2063 3235 dicunt
2073 3214 2082 3243 ;
2113 3205 2283 3252 Glau‹:uui‘·‘¹

1245 3265 1364 3299 Minois
1398 3265 1501 3297 tilium
1512 3288 1521 3304 ,
1565 3265 1602 3296 ut
1641 3265 1776 3296 testatur
1825 3263 2047 3304 Melesagoras.
2068 3264 2114 3305 (4)
2132 3263 2195 3296 Sed
2217 3265 2272 3296 Ju-

1246 3330 1328 3372 piter
1344 3328 1465 3362 veritus
1484 3336 1526 3360 ne
1538 3327 1686 3360 homines
1700 3327 1851 3360 medendi
1867 3329 1968 3360 artem
1991 3327 2096 3359 edocti
2123 3327 2165 3359 ab
2199 3326 2271 3367 illo,

1245 3392 1307 3426 sibi
1330 3393 1478 3425 mutuam
1499 3399 1594 3432 opem
1620 3391 1827 3432 praestarent,
1848 3389 1982 3422 fulmine
2007 3398 2081 3422 eum
2100 3387 2270 3422 interfecit.
