2320 3684
795 154 1101 195 THEOPOMPI
1129 154 1463 196 FRAGMENTA.

424 246 579 287 LIBER
609 243 750 282 XLIII.

536 303 608 342 221
627 317 660 341 a.

131 371 238 410 Idem
268 383 278 408 :
298 364 508 419 Ἰψίκουροι,
535 360 630 404 ἔθνος
651 357 874 410 Λιγυστικόν.
896 356 1112 408 Θεόπομπος·

79 426 351 481 τεσσαρακοστῷ
368 422 496 476 τρίτῳ·
524 438 540 456 ιι
563 418 634 460 *Ην
654 417 820 470 ἐνέμοντο
846 416 1013 471 πρότερον
1029 416 1113 469 Ἰψί-

79 502 198 541 κουροι
211 484 272 528 καὶ
291 479 495 537 Ἀρὸαξανοὶ
517 478 577 518 καὶ
599 476 747 526 Εὔδιοι,
770 476 895 528 Λίγυες
914 475 954 514 τὸ
968 474 1077 527 γένος.
1095 493 1110 509 n

79 546 224 586 Eadem
244 544 323 582 fere
342 554 421 579 non
442 539 646 578 nominato
673 544 830 575 auctore
859 549 930 575 nec
950 535 1033 573 sine
1058 534 1114 572 di-

79 607 261 646 versitate
291 604 332 642 in
371 600 612 654 populorum
642 597 869 637 nominibus
904 596 981 634 alio
1025 595 1114 633 loco

81 665 238 705 exhibet
256 663 310 701 ita
329 675 337 698 :

135 724 173 763 ’A
180 720 363 778 ρὸαζανοὶ,
381 719 476 763 ἔθνος
490 714 700 770 Λιγυστικόν
711 731 719 740 ·
735 733 751 750 «
763 713 974 768 Παρέπλεον
996 713 1033 752 δὲ
1051 712 1116 761 τὴν

80 782 201 837 χώραν
220 780 285 828 τὴν
303 779 365 831 μὲν
383 777 527 832 πρώτην
559 776 704 830 ἔρημον,
723 773 766 822 ἣν
789 773 954 826 ἐνέμοντο
968 772 1119 826 Ὓψίκο-

81 855 136 893 por.
154 840 215 880 καὶ
234 837 448 893 Ἀρὸαζανοί.
463 855 479 872 »

559 895 632 933 221
666 893 705 932 b.

137 959 255 998 Clem.
273 957 380 996 Alex.
403 959 543 995 Strom.
561 957 593 1003 Ῑ,
611 967 650 1004 p.
671 954 747 1002 389
765 967 773 990 :
790 950 1005 1002 Θεόπομπος
1027 951 1062 989 ἐν
1075 951 1119 1002 τῇ

84 1017 349 1070 τεσσαρακοστῇ
368 1013 468 1068 τρίτῃ
494 1015 564 1051 τῶν
588 1012 819 1052 Φιλιππικῶν
842 1010 930 1062 μετὰ
955 1008 1016 1056 ἔτη
1033 1024 1121 1047 πεν-

85 1075 234 1115 τακόσια
256 1077 327 1113 τῶν
351 1073 409 1112 ἐπὶ
434 1072 529 1126 Ἰλίῳ
552 1069 839 1127 στρατευσάντων
860 1066 1039 1121 γεγονέναι
1061 1066 1120 1105 τὸν

85 1134 248 1189 Ὅμηρον
266 1135 409 1187 ἱστορεῖ.

560 1195 652 1235 222.

141 1258 462 1303 AthenaeusXII,
485 1269 524 1307 p.
545 1256 634 1302 517,
650 1257 706 1302 D,
722 1256 776 1301 E;
802 1255 851 1298 F,
877 1252 972 1300 518,
999 1254 1055 1298 A,
1071 1253 1120 1288 B:

88 1314 301 1367 Θεόπομπος
315 1314 344 1352 δ’
364 1315 399 1352 ἐν
413 1316 456 1366 τῇ
473 1312 533 1365 μγ’
545 1315 613 1352 τῶν
628 1311 805 1365 Ἱστοριῶν
830 1308 889 1350 καὶ
909 1308 1015 1361 νόμον
1036 1302 1125 1348 εἶναί

90 1390 177 1428 φησι
191 1373 288 1427 παρὰ
307 1378 378 1416 τοῖς
397 1374 589 1426 Τυῤῥηνοῖς
605 1370 723 1414 κοινὰς
737 1368 907 1423 ὑπάρχειν
921 1367 983 1413 τὰς
1004 1374 1126 1420 γυναῖ-

89 1449 166 1477 κας·
182 1431 312 1476 ταύτας
327 1431 363 1470 δὲ
378 1432 618 1482 ἐπιμελεῖσθαι
632 1428 764 1483 σφόδρα
777 1431 846 1467 τῶν
867 1427 1126 1480 σωμάτων,καὶ

90 1491 328 1544 γυμνάζεσθαι
351 1490 521 1534 πολλάκις
542 1489 602 1528 καὶ
628 1489 704 1540 μετ’
725 1489 872 1541 ἀνδρῶν,
901 1487 1008 1526 ἐνίοτε
1020 1486 1125 1525 δὲκαὶ

91 1550 178 1605 πρὸς
202 1549 347 1594 ἑαυτάς·
368 1552 407 1587 οὐ
430 1547 498 1602 γὰρ
519 1548 664 1602 αἰσχρὸν
685 1541 773 1585 εἶναι
799 1548 918 1589 αὐταῖς
944 1545 1127 1600 φαίνεσθαι

91 1615 260 1661 γυμναῖς·
282 1609 430 1647 δειπνεῖν
452 1607 488 1646 δὲ
507 1606 614 1652 αὗτὰς
630 1608 669 1646 οὗ
683 1605 782 1660 παρὰ
801 1611 870 1649 τοῖς
891 1604 1038 1659 ἀνδράσι
1054 1610 1126 1647 τοῖς

93 1671 242 1717 ἑαυτῶν,
263 1667 354 1707 ἀλλὰ
376 1667 463 1721 παρ’
477 1661 526 1711 οἷς
539 1665 580 1705 ἂν
595 1665 732 1720 τύχωσι
749 1668 819 1704 τῶν
843 1664 1039 1718 παρόντων,
1066 1663 1127 1703 καὶ

93 1728 320 1782 προπίνουσιν
349 1720 399 1770 οἷς
425 1725 466 1765 ἂν
495 1727 729 1779 βουληθῶσιν·
763 1718 852 1763 εἶναι
878 1723 914 1763 δὲ
946 1723 1005 1762 καὶ
1033 1729 1126 1762 πιεῖν

94 1786 207 1831 δεινὰς
245 1786 306 1825 καὶ
331 1785 394 1831 τὰς
425 1785 520 1839 ὄψεις
549 1786 641 1824 πάνυ
672 1785 800 1829 καλάς·
825 1783 962 1837 τρέφειν
985 1782 1022 1822 δὲ
1049 1782 1128 1827 τοὺς

95 1845 298 1900 Τυρρηνοὺς
329 1845 447 1884 πάντα
477 1844 523 1884 τὰ
549 1844 716 1896 γινόμενα
746 1844 892 1891 παιδία,
919 1842 1129 1904 οὔκωείδότας

96 1905 176 1944 ὅτου
207 1903 339 1958 πατρός
370 1907 463 1944 ἐστιν
494 1903 654 1943 ἕκαστον.
686 1906 784 1943 Ζῶσι
810 1902 845 1942 δὲ
871 1902 930 1941 καὶ
955 1906 1050 1941 οὗτοι
1069 1901 1127 1940 τὸν

96 1964 200 2004 αὐτὸν
228 1963 356 2018 τρόπον
387 1969 458 2007 τοῖς
489 1962 740 2017 θρεψαμένοις,
770 1962 896 2006 πότους
932 1961 976 2000 τὰ
1013 1960 1130 2000 πολλὰ

95 2022 296 2075 ποιούμενοι
321 2023 382 2062 καὶ
411 2023 665 2071 πλησιάζοντες
686 2028 763 2066 ταῖς
791 2021 944 2074 γυναιξὶν
960 2020 1127 2064 ἁπάσαις.

446 2135 598 2173 LIBER
634 2135 776 2173 XLIII.

539 2212 611 2244 221
646 2217 680 2244 a.

139 2268 277 2310 Ipsicuri
289 2269 480 2310 (Hypsicori
491 2269 522 2309 9)
543 2278 620 2309 gens
634 2268 788 2309 Liguriae.
801 2269 1031 2309 Theopompus
1047 2266 1131 2298 libro

99 2315 348 2357 quadragesimo
374 2319 493 2348 tertio:
510 2329 524 2343 u
547 2318 653 2354 Quam
669 2316 758 2357 prius
777 2316 966 2349 habitabant
992 2315 1131 2357 Ipsicuri

99 2365 132 2395 et
147 2362 311 2394 Arbaxani
326 2365 359 2395 et
374 2362 468 2394 Eubii
481 2387 489 2402 ,
512 2363 647 2404 Ligures
663 2373 790 2404 genere.
808 2377 824 2392 υ

142 2409 312 2449 Arbazani,
329 2418 407 2450 gens
416 2410 599 2450 Ligystica:
615 2423 631 2438 α
650 2411 969 2452 Praeter-navigabant
988 2411 1130 2452 primum

100 2457 235 2536 pugdenli)
255 2457 417 2498 regionem
440 2457 611 2497 desertam,
624 2467 722 2499 quam
735 2458 952 2500 Hypsicori'ct
972 2457 1131 2492 Arbazani

115 2514 143 2537 ia
167 2505 213 2538 ita
236 2507 302 2537 ant.
327 2518 344 2533 n

542 2573 615 2605 221
649 2567 687 2605 b.

143 2622 373 2664 Theopompus
393 2622 477 2655 libro
493 2623 740 2665 quadragesimo
765 2624 863 2657 tertio
879 2624 1132 2666 Philippicorum

103 2669 211 2709 tradit,
228 2669 412 2711 quingentis
427 2670 523 2703 annis
544 2674 620 2713 post
641 2672 879 2713 expeditionem
900 2672 1049 2705 Troicarn
1072 2675 1133 2705 Ho-

104 2723 228 2748 merum
243 2725 376 2749 vixisse.

145 2821 371 2864 Theopompus
395 2833 473 2856 vero
497 2824 578 2857 libro
602 2827 698 2859 tertio
727 2829 760 2859 et
787 2828 1035 2870 quadragesimo
1057 2827 1132 2862 'aitz

106 2879 122 2894 α
141 2866 209 2908 lege
239 2868 337 2901 etiam
354 2870 540 2904 institutum
554 2882 625 2906 esse
640 2875 724 2915 apud
743 2878 897 2908 Etruscos
910 2901 918 2916 ‚
937 2879 973 2909 ut
988 2886 1133 2909 commu·

104 2923 162 2947 nes
174 2916 237 2948 siut
252 2918 404 2950 mulieres
416 2929 424 2950 ε
436 2919 495 2952 has
506 2929 582 2953 vero
595 2921 877 2962 diligentissimam
887 2934 999 2957 curam
1016 2926 1134 2958 habere

105 2963 259 3004 corporis,
272 2973 422 3006 saepeque
435 2968 578 3000 exerceri
592 2978 667 3000 cum
679 2970 771 3010 viris,
787 2980 872 3012 saepe
885 2981 963 3004 vero
978 2972 1074 3005 etiam
1088 2973 1134 3004 in-

105 3010 152 3040 ter
167 3018 202 3042 se
217 3010 304 3051 ipsas
322 3022 329 3043 :
346 3021 405 3044 nec
417 3014 503 3045 enim
517 3016 611 3056 turpe
628 3016 691 3049 illis
707 3017 816 3050 haberi
830 3042 838 3057 ,
857 3019 962 3052 nudas
978 3020 1132 3062 conspici.

106 3058 241 3089 Coenare
255 3061 363 3090 autem
388 3060 459 3093 illas
486 3070 550 3093 non
573 3063 660 3103 apud
684 3073 762 3096 suos
787 3066 921 3098 maritos
935 3091 944 3106 ,
974 3068 1030 3099 sed
1049 3068 1135 3108 apud

105 3104 266 3155 quoslibet
311 3106 368 3146 qui
413 3107 532 3140 adsunt
542 3120 551 3149 ;
591 3111 625 3142 et
660 3111 832 3151 propinare
872 3113 1135 3155 quibuscumque

106 3148 233 3181 libitum
258 3155 353 3184 esset.
379 3155 458 3186 Esse
483 3158 594 3187 autem
620 3166 675 3189 eas
694 3158 838 3199 impense
868 3160 1010 3202 bibaces,
1028 3165 1060 3194 et
1079 3162 1135 3194 ad-

107 3200 218 3249 spectu
234 3198 408 3232 admodum
431 3201 601 3235 formosas.
621 3205 712 3237 Alere
727 3209 836 3239 autem
852 3209 1007 3241 Etruscos
1022 3218 1135 3241 omnes

87 3261 91 3265 -
107 3251 163 3283 qui
181 3249 354 3277 nascantur
368 3247 507 3281 infantes
517 3274 526 3288 ‚
540 3251 719 3284 nescientes
734 3263 799 3294 quo
815 3257 905 3296 patre
927 3256 1066 3296 quisque
1082 3266 1136 3287 na-

107 3291 161 3322 tus
178 3292 230 3322 sit.
247 3293 374 3326 Vivunt
387 3299 495 3328 autem
510 3300 542 3329 et
564 3298 596 3329 ni
612 3299 727 3332 deinde
751 3302 864 3334 eodem
883 3303 982 3334 modo
1006 3312 1072 3343 quo
1090 3303 1135 3334 illi

108 3346 128 3369 a
141 3339 261 3380 quibus
276 3341 405 3375 educati
422 3347 514 3377 erant
525 3369 533 3384 ,
549 3350 807 3388 compotationes
829 3350 1030 3391 frequentius
1049 3350 1137 3382 insti-

108 3387 237 3420 tuentes
249 3412 258 3427 ,
274 3392 306 3420 et
324 3398 399 3421 cum
415 3392 566 3425 omnibus
588 3395 776 3428 mulieribus
798 3398 1067 3430 consuetudinem
1085 3399 1137 3431 lia-

2121 161 2197 193 815

1168 240 1281 280 Οὐδὲν
1302 242 1331 279 δ’
1353 239 1498 294 αἰσχρόν
1515 241 1590 279 ἐστι
1609 240 1823 293 Τυῤῥηνοῖς,
1843 241 1881 278 οὓ
1905 239 2010 291 μόνον
2031 240 2153 284 αὐτοὺς
2167 242 2202 280 ἐν

1167 302 1219 352 τῷ
1240 299 1337 353 μέσῳ
1353 317 1389 339 τι
1410 303 1614 348 ποιοῦντας,
1643 298 1722 338 ἀλλ’
1749 297 1828 337 οὐδὲ
1858 298 2062 351 πάσχοντας
2088 299 2205 354 φαίνε·

1171 365 1272 397 σθαν
1313 358 1500 412 ἐπιχώριον
1526 357 1594 412 γὰρ
1625 358 1688 397 καὶ
1708 361 1810 397 τοῦτο
1846 359 1933 412 παρ’
1968 362 2084 403 αὐτοῖς
2117 360 2205 398 ἐστί.

1174 417 1247 457 Καὶ
1260 417 1427 457 τοσούτου
1459 417 1594 456 δέουσιν
1627 417 1772 471 αἰσχρὸν
1806 417 2082 470 ὖπολαμὸάνειν,
2115 418 2206 458 ὥστε

1173 475 1234 514 καὶ
1248 476 1420 528 λέγουσιν,
1435 475 1518 515 ὅταν
1533 480 1551 515 ὁ
1567 476 1630 528 μὲν
1655 476 1826 524 δεσπότης
1848 480 1910 523 τῆς
1926 477 2039 522 οἰκίας
2058 479 2206 532 ἀφροδι-

1175 534 1359 584 σιάζηται,
1387 538 1473 587 ζητῇ
1495 534 1533 574 δέ
1560 551 1612 579 τις
1635 535 1752 585 αὐτὸν,
1776 535 1830 575 ὅτι
1846 536 1979 590 πάσχει
2000 537 2041 576 τὸ
2065 537 2127 576 καὶ
2158 537 2208 585 τὸ,

1175 593 1517 647 προσαγορεύσαντες
1544 596 1700 648 αἰσχρῶς
1717 595 1757 634 τὸ
1787 602 1951 649 πρᾶγμα.
1978 596 2146 636 Ἐπειδὰν
2173 596 2210 636 δὲ

1177 651 1432 697 συνουσιάζωσι
1443 653 1521 691 καθ’
1537 653 1707 707 ἑταιρείας
1717 653 1739 701 ἢ
1751 653 1842 693 κατὰ
1855 655 2054 707 συγγενείας
2063 687 2072 704 ,
2086 660 2212 694 ποιοῦ-

1178 726 1232 749 σιν
1256 709 1384 754 οὕτως·
1404 714 1543 764 πρῶτον
1563 711 1626 763 μὲν
1641 711 1722 751 ὅταν
1746 713 1951 752 παύσωνται
1970 714 2126 759 πίνοντες
2151 715 2211 754 καὶ

1179 769 1338 822 μέλλωσι
1348 769 1541 819 καθεύδειν,
1558 771 1736 823 εἰσάγουσι
1748 773 1832 826 παρ’
1844 773 1966 817 αὐτοὺς
1989 776 2021 813 οἱ
2036 774 2211 824 διάκονοι,

1177 831 1247 868 τῶν
1258 829 1396 881 λύχνων
1412 828 1463 867 ἔτι
1474 828 1684 880 καιομένων,
1696 830 1752 869 ὁτὲ
1768 831 1829 882 μὲν
1842 832 2064 886 ἑταίρας,ὁτὲ
2077 832 2112 872 δὲ
2126 840 2213 873 παῖ-

1180 894 1241 937 δας
1259 892 1352 932 πάνυ
1366 893 1506 939 καλοὺς,
1519 893 1577 932 ὁτὲ
1592 893 1629 932 δὲ
1642 894 1702 933 καὶ
1720 901 1886 946 γυναῖκας
1896 913 1904 921 ·
1931 896 2014 936 ὅταν
2030 897 2066 936 δὲ
2080 898 2212 940 τούτων

1181 951 1430 992 ἀπολαύσωσιν
1440 984 1450 1002 ,
1466 948 1562 996 αῧθις
1576 955 1691 997 αὐτοῖς
1709 954 1907 1000 νεανίσκους
1921 956 2161 1008 ἀκμάζοντας,
2182 958 2216 997 οἳ

1179 1012 1434 1059 πλησιάζουσιν
1465 1016 1582 1056 αὐτοῖς
1608 1012 1760 1057 ἐκείνοις.
1776 1014 2077 1067 Ἀφροδισιάζουσι
2097 1016 2133 1055 δὲ
2153 1017 2214 1055 καὶ

1179 1075 1361 1110 ποιοῦνται
1388 1072 1449 1116 τὰς
1471 1071 1654 1116 συνουσίας
1681 1071 1739 1111 ὁτὲ
1765 1073 1828 1124 μὲν
1858 1077 2003 1127 ὁρῶντες
2028 1076 2217 1125 ἀλλήλους,

1181 1133 1228 1175 ὣς
1253 1129 1289 1169 δὲ
1318 1130 1362 1170 τὰ
1388 1130 1504 1170 πολλὰ
1541 1131 1698 1175 καλύὸας
1733 1132 2001 1186 περιὸάλλοντες
2028 1135 2118 1189 ’περὶ
2155 1135 2218 1180 τὰς

1181 1189 1320 1240 κλίνας,
1347 1189 1385 1229 αἳ
1397 1189 1643 1243 πεπλεγμὲγαι
1668 1190 1754 1230 εἰσὶν
1779 1193 1819 1230 ἐκ
1839 1191 1988 1245 ῥάὸδων,
2002 1194 2218 1248 περιὸέὸλη-

1181 1265 1240 1288 ται
1257 1250 1286 1287 δ’
1303 1249 1433 1289 ἄνωθεν
1462 1249 1600 1301 ἱμάτια.
1633 1250 1708 1290 Καὶ
1732 1251 1966 1298 πλησιάζουσι
1997 1252 2059 1304 μὲν
2087 1254 2219 1308 σφόδρα

1182 1309 1242 1348 καὶ
1270 1316 1346 1354 ταῖς
1372 1309 1527 1361 γυναιξὶ,
1551 1309 1643 1349 πολὺ
1673 1310 1792 1362 μέντοι
1810 1327 1849 1364 γε
1868 1311 2032 1365 χαίρουσι
2061 1313 2220 1358 συνόντες

1184 1373 1254 1412 τοῖς
1276 1368 1379 1407 παισὶ
1395 1368 1454 1407 καὶ
1467 1376 1538 1412 τοῖς
1559 1368 1762 1423 μειρακίοις.
1778 1369 1850 1409 Καὶ
1872 1369 1939 1425 γὰρ
1958 1370 2112 1423 γίνονται
2136 1372 2221 1427 παρ’

1185 1428 1299 1471 αὐτοῖς
1318 1427 1410 1466 πάνυ
1424 1427 1525 1467 καλοὶ
1544 1426 1607 1471 τὰς
1626 1427 1740 1481 ὄψεις,
1762 1427 1824 1466 ἅτε
1843 1432 2019 1483 τρυφερῶς
2033 1430 2222 1483 διαιτώμε-

1184 1501 1238 1524 νοι
1274 1487 1334 1526 καὶ
1356 1487 1574 1539 λεαινόμενοι
1597 1486 1642 1525 τὰ
1671 1487 1834 1539 σώματα.
1862 1489 1997 1533 Πάντες
2019 1489 2055 1528 δὲ
2080 1492 2110 1529 οἱ
2134 1490 2221 1544 πρὸς

1186 1543 1339 1599 ἑσπέραν
1366 1547 1539 1589 οἰκοῦντες
1565 1545 1737 1600 βάρὲαροι
1762 1551 1967 1586 πιττοῦνται
1991 1547 2051 1586 καὶ
2080 1547 2223 1603 ξυροῦν-

1185 1621 1243 1643 ται
1259 1604 1302 1643 τὰ
1319 1603 1486 1657 σώματα·
1502 1603 1563 1643 καὶ
1577 1602 1732 1658 παράγε
1745 1611 1818 1650 τοῖς
1832 1607 2026 1660 Τυῤῥηνοῖς
2045 1607 2222 1660 ἐργαστή-

1188 1679 1245 1718 ρια
1271 1663 1550 1703 κατεσκεύασται
1574 1663 1691 1702 πολλὰ
1728 1664 1789 1703 καὶ
1814 1672 1974 1717 τεχνῖται
2009 1667 2133 1705 τούτου
2160 1672 2222 1706 τοῦ

1185 1723 1394 1777 πράγματός
1422 1725 1522 1773 εἰσιν,
1549 1722 1668 1778 ὥσπερ
1694 1724 1778 1778 παρ’
1797 1730 1882 1776 ἡμῖν
1904 1728 1935 1764 οἱ
1958 1733 2112 1780 κουρεῖς·
2140 1728 2223 1781 παρ’

1187 1782 1244 1827 οὒς
1260 1781 1342 1821 ὅταν
1358 1782 1559 1832 εἰσέλθωσι,
1574 1782 1788 1837 παρέχουσιν
1804 1784 1948 1829 ἑαυτοὺς
1964 1785 2081 1825 πάντα
2093 1787 2222 1841 τρόπον

1187 1840 1283 1880 οὐδὲν
1299 1841 1545 1894 αἰσχυνόμενοι
1564 1841 1644 1886 τοὺς
1660 1845 1813 1896 ὁρῶντας
1832 1843 1911 1882 οὐδὲ
1925 1843 2004 1889 τοὺς
2020 1845 2222 1899 παριόντας.

1187 1902 1353 1954 Χρῶνται
1367 1900 1402 1939 δὲ
1416 1900 1530 1954 τούτῳ
1550 1903 1600 1955 τῷ
1619 1900 1717 1954 νόμῳ
1735 1901 1858 1941 πολλοὶ
1882 1902 1942 1941 καὶ
1955 1906 2024 1942 τῶν
2039 1904 2223 1953 Ἑλλήνων

1187 1962 1256 1998 τῶν
1271 1958 1334 2007 τὴν
1350 1959 1503 1998 Ἰταλίαν
1521 1958 1723 2010 οἰκούντων,
1744 1958 1911 2012 μαθόντες
1923 1960 2020 2015 παρὰ
2040 1964 2223 2002 Σαυνιτῶν

1187 2019 1248 2058 καὶ
1279 2018 1512 2058 Μεσσαπίων.

1187 2129 1314 2161 bentes.
1332 2131 1398 2162 Nec
1414 2139 1490 2161 vero
1506 2132 1601 2170 turpe
1616 2130 1701 2171 apud
1721 2132 1878 2163 Etruscos
1895 2131 2048 2172 liabetur,
2066 2132 2098 2163 in
2113 2142 2223 2173 propa-

1189 2175 1256 2207 tulo
1270 2175 1394 2207 soedum
1416 2176 1495 2216 quid
1512 2176 1563 2208 vel
1590 2177 1694 2209 facere
1721 2178 1772 2210 vel
1798 2178 1865 2219 pati
1883 2180 1956 2211 :est
1974 2179 2061 2210 enim
2079 2179 2139 2211 hoc
2160 2180 2222 2212 illis

1187 2223 1342 2264 patrium.
1372 2225 1415 2256 Et
1442 2225 1572 2259 tantum
1600 2224 1694 2257 abest
1715 2227 1751 2255 ut
1778 2228 1872 2266 turpe
1894 2225 1928 2258 id
1956 2226 2099 2265 ducant,
2138 2230 2173 2258 ut
2196 2227 2223 2259 si

1189 2270 1303 2302 herum
1318 2271 1399 2311 petit
1411 2271 1529 2311 aliquis
1546 2280 1612 2312 quo
1623 2274 1769 2312 tempore
1785 2273 1903 2304 Veneri
1916 2273 1971 2305 ille
1983 2276 2089 2312 vacat,
2105 2274 2224 2306 diserte

1188 2317 1266 2349 huic
1288 2317 1421 2357 dicant,
1445 2326 1484 2349 eo
1507 2326 1594 2348 nunc
1616 2318 1709 2350 illum
1731 2320 1885 2360 occupari
1903 2345 1912 2360 ‚
1938 2321 2023 2362 turpi
2040 2321 2139 2352 verbo
2155 2330 2222 2353 rem

1187 2364 1292 2405 ipsam
1308 2364 1523 2396 nominantes.
1543 2366 1652 2402 Quum
1666 2375 1743 2398 vero
1768 2376 1831 2398 una
1850 2370 1927 2399 sunt
1944 2367 2071 2400 sodales
2091 2371 2146 2400 aut
2172 2377 2223 2400 co-

1188 2411 1287 2451 gnati,
1307 2411 1395 2443 hunc
1417 2420 1540 2443 morem
1563 2414 1683 2445 tenent.
1708 2413 1855 2446 Primum
1880 2415 2024 2455 quidem,
2048 2417 2221 2456 postquam

1188 2460 1378 2499 compotare
1390 2459 1557 2491 desierunt
1571 2484 1580 2499 ,
1598 2469 1701 2500 quum
1714 2461 1781 2502 J'am
1798 2462 1944 2493 cubitum
1968 2463 2042 2494 ituri
2064 2466 2158 2497 sunt,
2175 2462 2221 2494 in-

1188 2506 1365 2538 troducunt
1383 2506 1425 2538 ad
1444 2515 1500 2539 eos
1520 2506 1652 2546 famuli,
1676 2510 1819 2540 accensis
1842 2509 1950 2540 adhuc
1969 2510 2121 2548 lucernis,
2136 2519 2223 2542 nunc

1188 2553 1394 2593 meretrices,
1426 2562 1513 2586 nunc
1540 2563 1659 2595 pueros
1688 2555 1792 2587 forma
1814 2558 2005 2597 praestantes
2021 2581 2030 2596 ,
2061 2557 2221 2588 interdum

1189 2602 1287 2633 etiam
1305 2602 1456 2634 mulieres
1475 2611 1482 2632 :
1501 2602 1621 2642 quihus
1635 2605 1807 2643 postquam
1824 2605 1901 2635 sunt
1917 2603 2016 2642 fruiti,
2032 2613 2145 2635 rursus
2157 2604 2222 2636 illis

1189 2648 1402 2681 introducunt
1417 2649 1637 2682 adolescentes
1650 2653 1762 2691 vegeta
1774 2652 1882 2690 aetate,
1899 2650 1955 2691 qui
1972 2659 2046 2682 cum
2064 2650 2143 2691 ipsis
2156 2660 2223 2683 rem

1189 2695 1320 2728 habent.
1336 2696 1454 2728 Veneri
1466 2699 1576 2728 autem
1590 2696 1668 2728 dant
1680 2705 1811 2737 operam
1826 2696 2114 2737 concumbuntque
2129 2698 2223 2729 inter-

1191 2743 1272 2775 dum
1291 2743 1338 2775 ita
1365 2746 1400 2775 ut
1419 2743 1473 2775 alii
1498 2743 1579 2776 alios
1602 2744 1636 2775 in
1662 2747 1837 2785 conspectu
1854 2744 1992 2775 habeant
2004 2768 2013 2784 ,
2031 2743 2223 2785 plerumque

1189 2798 1267 2822 vero
1283 2790 1422 2831 tegmina
1433 2790 1560 2823 lectulis
1571 2790 1738 2828 obducunt
1754 2800 1771 2822 e
1784 2790 1919 2830 virgulis
1929 2793 2092 2829 contexta,
2100 2791 2223 2832 quihus

1190 2845 1329 2878 superne
1345 2837 1540 2870 vestimenta
1562 2838 1721 2879 injiciunt.
1746 2840 1789 2869 Et
1811 2837 2066 2878 congrediuntur
2088 2838 2223 2878 quidem

1190 2885 1332 2917 maxime
1349 2894 1425 2916 cum
1441 2885 1632 2917 mulieribus
1654 2895 1661 2916 :
1679 2885 1734 2917 sed
1753 2889 1784 2917 et
1801 2894 1976 2925 puerorum
1990 2888 2022 2917 et
2038 2885 2221 2918 adolescen-

1191 2932 1272 2963 tium
1289 2933 1524 2964 consuetudine
1542 2933 1753 2964 delectantur.
1782 2934 1865 2964 Sunt
1880 2932 1966 2964 enim
1988 2931 2020 2964 hi
2041 2933 2126 2973 apud
2146 2933 2223 2966 illos

1191 2979 1297 3010 forma
1313 2979 1489 3011 admodum
1512 2981 1685 3020 praestante
1692 2990 1702 3019 ;
1721 2979 1841 3020 quippe
1859 2979 1994 3011 delicate
2007 2979 2172 3020 viventeS,
2190 2983 2223 3013 et

1191 3035 1326 3066 corpora
1341 3026 1538 3066 loevigantes.
1557 3028 1680 3058 Omnes
1704 3026 1790 3058 enim
1807 3035 1921 3058 versus
1944 3026 2151 3059 Occidentem
2167 3027 2222 3058 lia·

1192 3072 1330 3104 bitantes
1360 3072 1502 3112 barbari,
1520 3073 1639 3113 partim
1663 3072 1746 3114 pice,
1767 3073 1883 3114 partim
1899 3072 2054 3114 radendo,
2075 3073 2223 3114 glabr-ant

1191 3128 1349 3159 corpora:
1368 3123 1400 3151 et
1421 3120 1600 3160 pracsertim
1628 3120 1714 3160 apud
1741 3122 1897 3153 Etruscos
1923 3121 2036 3153 multae
2062 3121 2224 3154 institutae

1192 3168 1269 3197 sunt
1285 3166 1436 3205 officinae,
1457 3169 1598 3207 suntque
1613 3167 1752 3201 artifices
1770 3168 1827 3209 qui
1843 3169 1926 3201 lianc
1941 3171 2044 3201 artem
2058 3173 2221 3209 exercent,

1192 3213 1276 3245 sicut
1293 3214 1379 3254 apud
1396 3223 1455 3245 nos
1473 3216 1631 3247 tonsores.
1648 3215 1699 3247 Ad
1715 3224 1797 3257 quos
1811 3225 1914 3257 quum
1926 3217 2130 3257 introierunt,
2145 3227 2223 3259 prae-

1192 3260 1269 3291 bent
1285 3268 1320 3291 se
1336 3260 1398 3291 illis
1414 3261 1583 3301 (picandos
1602 3262 1841 3305 radendosque)
1863 3265 1981 3305 quovis
1994 3265 2108 3305 modo,
2132 3265 2225 3296 nullo

1193 3305 1316 3346 pudore
1337 3306 1365 3338 si
1382 3307 1456 3347 quis
1477 3307 1635 3349 adspiciat
1656 3312 1713 3342 aut
1728 3310 1935 3345 interveniat.
1955 3314 2098 3345 Utuntur
2114 3316 2221 3344 autem

1192 3353 1306 3385 eodem
1323 3353 1474 3387 instituto
1493 3356 1588 3388 multi
1602 3358 1708 3390 Graeci
1721 3359 1849 3394 ltaliam
1865 3359 2085 3401 incolentes,a
2101 3360 2221 3392 Samni·

1196 3400 1286 3432 tibus
1299 3406 1330 3433 et
1347 3404 1513 3444 Messapiis
1524 3404 1643 3437 edocti.
1659 3418 1676 3435 n
