2320 3684
803 125 1106 165 THEOPOMPI
1134 125 1468 167 FRAGMENTA.

123 277 318 328 Diogenes
333 278 459 314 Laert.
487 274 553 312 lib.
571 277 604 322 Ι,
626 287 685 321 ιο,
702 288 718 311 1
730 287 763 325 1,
785 273 833 311 de
853 271 1101 324 Epimenide:

68 334 284 388 Θεόπομπος
307 334 337 374 δ’
357 336 392 374 ἐν
415 339 487 377 τοῖς
510 331 756 384 Θαυμασίοις,
781 328 1103 375 κατασκευάζοντος

68 396 175 434 αὐτοῦ
190 392 447 447 (Ἐπιμενίδου)
475 391 516 431 τὸ
543 393 613 431 τῶν
642 393 801 446 Νυμφῶν
829 389 935 444 ἱερὸν,
953 391 1103 444 ῥαγῆναι

67 452 186 507 φωνὴν
205 453 241 499 ἐξ
259 455 419 507 οὐρανοῦ·
446 468 462 486 «
478 450 711 503 Ἐπιμενίδη,
741 449 792 502 μὴ
807 450 981 502 Νυμφῶν,
1012 447 1103 487 ἀλλὰ

66 510 192 556 Διός»
211 510 331 566 Κρησί
342 527 380 550 τε
398 515 578 565 προειπεῖν
591 509 655 558 τὴν
678 509 971 560 Λακεδαιμονίων
991 502 1101 555 ἧτταν

65 570 133 610 ὑπὸ
144 570 338 624 Ἀρκάδων,
346 570 504 624 καθάπερ
515 569 733 624 προείρηται·
746 568 807 608 καὶ
819 568 861 616 δὴ
873 566 934 607 καὶ
945 567 1101 622 ἐλήφθη-

66 644 131 668 σαν
150 628 236 683 πρὸς
256 628 478 682 Ὀρχομενῷ.
500 628 663 683 Γηράσαι
679 644 717 667 τε
742 629 779 668 ἐν
799 628 986 672 τοσαύταις
1007 625 1102 678 ἠμέ-

66 703 142 741 ραις
158 687 263 727 αὐτὸν
281 687 414 742 ὅσαπερ
441 688 501 735 ἔτη
530 687 771 739 κατεκοιμήθη
787 704 795 714 ·
823 687 883 726 καὶ
913 686 979 741 γὰρ
999 685 1102 726 τοῦτό

64 762 151 801 φησι
167 746 390 799 Θεόπομπος.

118 860 313 912 Diogenes
335 864 464 900 Laert.
482 864 647 901 Prooem.
667 875 706 913 p,
740 875 761 898 2
779 876 787 899 :
809 858 1051 913 Ἀριστοτέλης
1065 859 1094 897 δ’

63 920 100 958 ἐν
127 918 258 973 πρώτῳ
291 919 372 974 περὶ
400 919 606 974 φιλοσοφίας
632 919 692 959 καὶ
721 918 976 973 πρεσὸυτέρους
1014 911 1102 956 εἶναι

63 978 229 1031 (Magos)
245 981 314 1018 τῶν
347 979 563 1031 Αἰγυπτίων,
591 978 652 1018 καὶ
677 978 737 1018 δύο
762 978 840 1018 κατ’
869 977 990 1022 αὐτοὺς
1013 971 1102 1018 εἶναι

63 1036 177 1090 ἀρχὰς
191 1068 203 1090 ,
221 1038 349 1091 ἀγαθὸν
372 1037 542 1090 δαίμονα,
563 1037 623 1077 καὶ
642 1037 750 1077 κακὸν
778 1037 945 1089 δαίμονα·
969 1036 1029 1076 καὶ
1049 1039 1100 1091 τῷ

64 1094 128 1147 μὲν
148 1095 261 1148 ὄνομα
280 1090 370 1136 εἶναι
393 1097 481 1143 Ζεὺς
499 1097 559 1136 καὶ
583 1096 837 1150 Ὠρομάσδης,
864 1099 915 1151 τῷ
936 1096 973 1135 δὲ
995 1095 1102 1153 ᾍδης

63 1155 123 1194 καὶ
144 1155 372 1210 Ἀρειμάνιος.
392 1156 493 1204 Φησὶ
510 1155 548 1195 δὲ
573 1159 677 1195 τοῦτο
694 1155 755 1194 καὶ
768 1155 978 1210 υΕρμιππος
996 1157 1031 1194 ἐν
1049 1158 1100 1209 τῷ

61 1213 193 1269 πρώτῳ
208 1215 289 1270 περὶ
305 1215 457 1268 Μάγων,
476 1215 537 1255 καὶ
558 1215 708 1261 Εὔδοξος
726 1216 761 1254 ἐν
778 1218 822 1268 τῇ
841 1214 1020 1269 Περιόδῳ,
1040 1215 1100 1253 καὶ

62 1272 276 1326 Θεόπομπος
294 1276 330 1313 ἐν
346 1278 390 1328 τῇ
407 1274 512 1328 ὀγδόῃ
532 1277 601 1314 τῶν
616 1276 848 1315 Φιλιππικῶν
859 1288 867 1297 ·
884 1274 920 1319 ὃς
938 1274 999 1313 καὶ
1017 1276 1101 1313 ἀνα-

62 1331 254 1373 ὅιώσεσθαι
275 1333 368 1373 κατὰ
390 1334 468 1378 τοὺς
488 1334 635 1386 Μάγους
655 1334 741 1388 φησὶ
768 1333 849 1378 τοὺς
874 1333 1076 1388 ἀνθρώπους
1090 1363 1099 1380 ,

60 1391 120 1431 καὶ
140 1392 281 1432 ἔσεσθαι
300 1393 493 1438 ἀθανάτους
505 1424 516 1445 ,
543 1393 602 1432 καὶ
622 1392 667 1432 τὰ
688 1392 773 1432 ὄντα
788 1399 866 1437 ταῖς
887 1395 1001 1432 αὐτῶν
1019 1394 1100 1432 ἐπι-

60 1450 209 1499 κλήσεσι
229 1453 416 1505 διαμενεῖν.

114 1515 174 1549 De
197 1513 270 1551 hac
291 1526 334 1551 re
362 1513 455 1551 citat
478 1514 774 1565 Theopompum
813 1514 927 1552 etiam
956 1516 1098 1551 AEneas

60 1574 221 1610 Gazaeus
243 1572 342 1610 Dial.
360 1572 409 1610 de
423 1573 539 1611 animi
558 1573 730 1611 immort.
747 1586 786 1624 p.
809 1587 878 1620 77:
901 1571 946 1610 Ὁ
961 1571 997 1610 δὲ
1015 1574 1096 1612 Ζω-

61 1627 229 1684 ροάστρης
239 1629 415 1684 προλέγει,
427 1632 474 1675 ὡς
489 1630 589 1670 ἔσται
601 1630 687 1670 πότε
700 1629 838 1684 χρόνος,
856 1632 892 1669 ἐν
910 1624 941 1684 ᾧ
956 1629 1098 1669 πάντων

58 1691 188 1742 νεκρῶν
208 1689 396 1733 ἀνάστασις
414 1689 525 1729 ἔσται’
539 1683 628 1729 οἶδεν
648 1693 666 1729 ὁ
685 1688 909 1741 Θεόπομπος.

546 1756 611 1797 72.

109 1815 304 1854 Plutarch.
314 1818 373 1855 De
381 1818 430 1854 Is.
441 1824 480 1854 et
489 1819 556 1856 Os.
568 1830 608 1869 p.
624 1818 699 1864 370
714 1830 723 1853 ε
742 1814 955 1867 Θεόπομπος
966 1813 1005 1853 δέ
1012 1830 1098 1868 φησι

57 1871 151 1912 κατὰ
170 1871 249 1919 τοὺς
269 1874 402 1927 μάγους
430 1874 498 1914 ἀνὰ
530 1874 634 1930 μέρος
661 1875 843 1929 τρισχίλια
868 1873 930 1922 ἔτη
950 1873 1010 1913 τὸν
1031 1872 1095 1926 μὲν

56 1938 211 1985 κρατεῖν,
232 1933 290 1973 τὸν
306 1932 343 1973 δὲ
364 1937 567 1988 κρατεῖσθαι
582 1937 651 1973 τῶν
675 1936 776 1981 θεῶν,
794 1933 885 1973 ἄλλα
902 1932 939 1972 δὲ
960 1932 1099 1988 τρισχί-

57 1992 118 2032 λια
142 1992 319 2045 μάχεσθαι
339 1992 399 2032 καὶ
418 1995 597 2045 πολεμεῖν,
620 1993 680 2032 καὶ
695 1991 856 2033 ἀναλύειν
870 1991 915 2031 τὰ
935 1996 997 2031 τοῦ
1015 1991 1095 2032 ἑτέ-

57 2065 117 2104 ρου
139 2051 198 2090 τὸν
219 2050 353 2105 ἕτερον·
375 2050 474 2096 τέλος
486 2051 522 2091 δὲ
543 2051 795 2091 ἀπολείπεσθαι
815 2050 874 2090 τὸν
893 2050 1016 2108 ᾍδην,
1035 2052 1096 2091 καὶ

55 2109 134 2155 τοὺς
152 2110 216 2162 μὲν
236 2109 437 2164 ἀνθρώπους
453 2111 662 2163 εὐδαίμονας
680 2110 841 2160 ἔσεσθαι,
857 2109 949 2162 μήτε
968 2114 1098 2166 τροφῆς

56 2168 255 2221 δεομένους,
277 2168 367 2220 μήτε
382 2169 485 2209 σκιὰν
508 2174 714 2215 ποιοῦντας·
731 2171 791 2210 τὸν
817 2169 854 2208 δὲ
882 2173 996 2211 ταῦτα
1020 2187 1094 2222 μη-

543 2326 608 2358 70.

97 2380 328 2423 Theopompus
340 2383 449 2414 autem
463 2382 497 2413 in
521 2381 727 2415 Mirabilibus
742 2383 862 2423 refert,
877 2393 980 2425 quum
997 2387 1093 2425 Nym-

58 2427 196 2468 pharum
221 2428 381 2470 templum
401 2428 642 2470 exaedificaret,
657 2439 773 2462 vocem
797 2439 816 2463 e
833 2431 915 2464 coelo
942 2431 1064 2473 lapsam
1084 2441 1092 2463 ε

58 2486 74 2502 α
91 2474 308 2515 Epimenides,
321 2484 388 2507 non
402 2475 574 2516 Nymphis,
591 2476 648 2509 sed
671 2478 747 2509 Jovi
763 2477 922 2510 dedicato.
933 2492 948 2506 υ
965 2481 1096 2512 Creten-

54 2521 145 2553 sibus
158 2522 238 2554 item
253 2531 329 2555 eum
336 2522 527 2564 praedixisse
537 2524 802 2557 Lacedaemonios
816 2524 980 2558 devictum
997 2526 1035 2558 iri
1053 2526 1095 2558 ab

56 2569 247 2609 Arcadibus,
254 2569 410 2611 sicutJam
420 2571 764 2613 commemoravimus3
779 2573 877 2613 atque
885 2582 962 2605 sane
971 2573 1092 2606 devicti

55 2618 130 2649 sunt
145 2617 187 2649 ad
210 2618 466 2651 Orchomenum.
484 2619 636 2652 senuisse
651 2619 743 2652 illum
767 2620 853 2653 intra
864 2622 914 2653 tot
929 2621 997 2654 dies
1013 2624 1094 2662 quot

55 2662 273 2697 obdormisset
310 2674 431 2706 annos,
461 2674 526 2698 non
555 2666 674 2699 desunt
705 2667 762 2708 qui
796 2671 982 2701 asseverant
998 2681 1004 2699 :
1030 2669 1092 2701 hoc

55 2709 141 2742 enim
157 2711 385 2753 Theopompus
400 2712 457 2745 ait.

541 2773 604 2805 71.

96 2826 254 2867 AEgyptiis
276 2836 355 2860 vero
377 2829 578 2870 antiquiores
599 2839 673 2864 esse
693 2833 805 2873 Magos
824 2833 1011 2866 Aristoteles
1036 2843 1089 2866 au-

55 2874 123 2904 ctor
139 2875 188 2905 est
210 2874 244 2906 in
267 2875 372 2916 primo
399 2876 440 2909 de
465 2877 672 2919 Philosophia
703 2878 803 2919 libro,
832 2879 963 2921 duoque
978 2890 1090 2913 secun-

56 2918 134 2951 dum
150 2920 223 2953 illos
235 2930 307 2954 esse
330 2923 490 2964 principia
503 2947 512 2963 ‚
537 2923 661 2956 bonum
677 2925 861 2958 daemonem
882 2928 916 2958 et
936 2927 1059 2959 malum
1079 2937 1086 2959 :

54 2966 191 2999 alterum
206 2976 248 3000 ex
262 2969 313 3001 his
333 2971 450 3003 Jovem
466 2973 498 3003 et
520 2973 721 3005 Oromasden
732 2997 741 3012 ,
758 2972 895 3005 alterum
915 2974 1087 3007 Plutonem

55 3014 87 3046 et
105 3014 307 3048 Arimanium
334 3017 410 3049 dici.
434 3019 530 3056 Quod
554 3020 753 3061 Hermippus
780 3030 911 3062 quoque
929 3021 962 3053 in
982 3022 1087 3063 primo

57 3059 98 3092 de
111 3062 214 3103 Magis
237 3063 283 3096 ait
301 3066 399 3106 atque
418 3065 575 3098 Eudoxus
595 3066 628 3098 in
646 3067 783 3100 periodo
801 3071 835 3100 et
856 3069 1087 3111 Theopompus

56 3109 172 3140 octavo
189 3106 444 3152 Philippicorum
470 3112 565 3145 libro.
589 3114 653 3152 Qui
678 3116 711 3147 et
735 3115 915 3148 revicturos
938 3116 1086 3149 homines

55 3162 94 3186 ex
118 3157 286 3197 Magorum
303 3159 464 3205 sententia
478 3159 574 3200 dicit,
603 3161 868 3203 immortalesque
883 3162 1012 3196 futuros
1027 3188 1036 3203 ,
1053 3165 1087 3196 et

56 3201 206 3235 universa
221 3203 350 3238 illorum
369 3207 609 3247 precationibus
627 3209 818 3242 constitura.

539 3269 601 3302 72,

95 3320 325 3363 Theopompus
352 3323 397 3355 ait
423 3324 464 3357 de
500 3327 660 3359 sententia
686 3329 855 3368 Magorum
884 3328 1011 3360 vicibus
1037 3332 1085 3360 ter

55 3367 142 3400 mille
165 3378 324 3403 annnorum
340 3370 629 3405 alte=u1n‹leoi·11111
658 3383 830 3416 superare,
853 3375 990 3408 alterum
1013 3383 1084 3406 suc-

128 3423 323 3454 FRAGMENTA
346 3431 457 3455 ntS'rou
462 3432 592 3457 lcomm.

2116 136 2192 171 289

1160 213 1406 266 χανησάμενον
1424 213 1513 263 θεὸν,
1533 216 1676 267 ἠρεμεῖν
1700 213 1760 252 καὶ
1789 214 2030 255 ἀναπαύεσθαι
2055 217 2193 271 χρόνον,

1160 271 1274 315 καθὼς
1291 272 1353 323 μὲν
1374 273 1412 311 οὗ
1431 271 1543 312 πολὺν
1561 274 1612 326 τῷ
1630 274 1717 326 θεῷ,
1731 271 1850 327 ὥσπερ
1868 273 2042 328 ἀνθρώπῳ
2061 291 2194 328 κοιμω-

1161 329 1257 384 μένῳ
1277 330 1427 385 μέτριον.

1214 461 1375 499 Photius
1403 466 1515 500 Lex.:
1537 462 1711 517 Ζωπύρου
1733 462 1887 503 τάλαντα
1968 464 2089 504 τοῦτόν
2108 481 2195 520 φησι

1160 516 1373 570 Θεόπομπος
1392 522 1427 559 ἐν
1449 523 1493 573 τῇ
1509 520 1612 574 ὀγδόῃ
1635 524 1704 560 τῶν
1731 522 1810 577 περὶ
1831 522 2028 573 Φίλιππον,
2051 524 2193 578 Πέρσην

1159 576 1245 616 ὄντα
1256 577 1323 616 ὑπὸ
1341 579 1539 632 φιλοτιμίας
1555 579 1784 635 χαριζόμενον
1797 584 1934 634 βασιλεῖ
1951 583 2196 636 μαστιγώσαν-

1159 652 1203 674 τα
1214 636 1350 685 ἑαυτὸν,
1361 637 1420 675 καὶ
1433 641 1494 685 τῆς
1508 638 1597 691 ῥινὸς
1609 640 1668 678 καὶ
1685 642 1754 678 τῶν
1768 640 1868 681 ὤτων
1885 642 2194 696 ἀποστερήσαντα,

1160 696 1323 734 εἰσελθεῖν
1344 698 1390 739 εἷς
1414 697 1611 736 Βαὸυλῶνα
1624 729 1633 747 ,
1653 698 1712 737 καὶ
1735 700 1963 739 πιστευθέντα
1981 701 2037 739 διὰ
2063 701 2194 750 ταύτην

1159 752 1222 801 τὴν
1243 754 1436 807 κακουχίαν
1454 755 1667 794 καταλαὸεῖν
1690 756 1753 805 τὴν
1785 757 1905 797 πόλιν·
1930 761 1970 798 ἐκ
1998 767 2196 815 μεταφορᾶς

1160 806 1218 851 οῧν
1237 806 1313 851 εἶπε
1332 813 1490 852 τάλαντα
1507 814 1567 852 καὶ
1588 814 1692 867 ζυγὰ,
1713 817 1815 856 οἱονεὶ
1835 817 1920 871 ἔργα
1939 819 1999 857 καὶ
2017 819 2168 874 πράξεις.

1214 874 1271 911 Cf.
1294 874 1483 912 Herodot.
1514 877 1584 921 III,
1610 877 1702 922 1543
1734 878 1872 915 Justin.
1906 882 1942 925 I,
1978 893 2035 916 10.
2069 880 2194 918 Etiam

1161 933 1228 970 illa
1248 947 1335 984 quae
1362 933 1562 971 laudatum
1582 935 1772 973 Herodoti
1794 937 1922 974 locum
1955 939 2194 988 praecedunt,

1160 992 1209 1030 de
1228 993 1453 1044 prodigioso
1473 1002 1588 1045 partu
1612 994 1750 1042 mulae,
1781 1009 1859 1046 quo
1890 997 1990 1035 facto
2018 1001 2194 1050 Zopyrus

1159 1052 1367 1103 Babylonis
1385 1056 1712 1105 expugnationem
1731 1055 1923 1105 praedixit,
1941 1070 1962 1094 a
1975 1057 2195 1109 Theopom-

1161 1125 1213 1162 po
1227 1112 1265 1150 h.
1289 1113 1313 1151 Ι.
1338 1121 1493 1150 narrata
1515 1125 1596 1150 esse
1621 1121 1711 1163 apte
1734 1115 1952 1164 suspicatur
1975 1117 2166 1154 Wichers.

1651 1182 1711 1220 74.

1216 1250 1424 1287 Athenaeus
1450 1252 1508 1296 II,
1534 1263 1572 1301 p.
1594 1249 1656 1297 45,
1671 1252 1699 1288 C
1717 1264 1725 1286 :
1744 1247 1957 1303 Ἡλιόδωρος
1980 1250 2016 1289 δέ
2034 1266 2119 1304 φησι
2138 1250 2194 1290 τὸν

1159 1307 1340 1362 Ἐπιφανῆ
1361 1307 1538 1361 Ἀντίοχον
1628 1306 1692 1355 ἰ-ἡν
1715 1307 1847 1361 κρήνην
1862 1308 1924 1356 τὴν
1945 1310 1979 1347 ἐν
2002 1309 2196 1364 Ἀντιοχείᾳ

1158 1366 1306 1420 κεράσαι
1341 1366 1445 1420 οἴνῳ·
1482 1366 1640 1422 καθάπερ
1659 1366 1718 1405 καὶ
1741 1366 1799 1405 τὸν
1821 1367 1951 1421 Φρύγα
1975 1367 2092 1407 Μίδαν
2110 1370 2194 1423 φησὶ

1158 1425 1383 1477 Θεόπομπος,
1395 1425 1451 1465 ὅτε
1463 1427 1551 1466 ἑλεῖν
1563 1426 1621 1465 τὸν
1634 1426 1803 1473 Σειληνὸν
1817 1426 1884 1465 ὑπὸ
1895 1426 2002 1478 μέθης
2012 1427 2194 1476 ἠθέλησεν.

1650 1492 1712 1530 75,

1212 1558 1372 1597 Servius
1386 1558 1435 1597 ad
1447 1558 1584 1609 virgil.
1617 1559 1695 1608 Ecl..
1713 1561 1779 1605 VI,
1801 1572 1835 1596 v.
1862 1561 1906 1597 13
1922 1574 1929 1597 :
1950 1561 2052 1597 Sane
2068 1561 2134 1597 hoc
2151 1563 2196 1596 cle

1156 1619 1278 1656 Sileno
1300 1632 1374 1655 non
1393 1620 1528 1657 dicitur
1543 1620 1679 1668 fictam
1703 1633 1727 1655 a
1755 1621 1917 1670 Virgilio,
1945 1622 2012 1656 sed
2027 1634 2052 1657 a
2076 1621 2193 1657 Theo-

1149 1691 1289 1728 pompo
1306 1679 1540 1714 translatum.
1559 1679 1600 1714 Is
1619 1681 1715 1714 enim
1736 1678 2007 1727 apprehensum
2027 1680 2193 1715 Silenum

1156 1750 1181 1773 α
1200 1738 1323 1774 Midoe
1337 1740 1431 1788 regis
1442 1736 1650 1786 pastoribus
1668 1739 1766 1782 dicit,
1784 1740 1940 1786 crapula
1964 1739 2190 1783 madentem,

1156 1805 1196 1833 et
1211 1809 1261 1832 ex
1273 1809 1319 1833 ea
1334 1805 1543 1845 soporatam
1560 1810 1571 1831 :
1586 1799 1667 1833 illos
1687 1797 1769 1832 dolo
1785 1810 1972 1846 aggressos
2002 1799 2192 1833 dormien-

1157 1864 1230 1892 tem
1247 1859 1427 1900 vinxisse,
1437 1864 1572 1905 postea
1588 1858 1746 1892 vinealis
1774 1865 1902 1905 sponte
1919 1855 2124 1893 labentibus
2146 1859 2195 1892 li-

1156 1913 1337 1960 beratum,
1364 1916 1410 1951 de
1434 1913 1541 1951 rebus
1569 1914 1804 1951 naturalibus
1822 1924 1860 1951 et
1884 1919 2046 1964 antiquis
2072 1917 2194 1951 Micloe

1157 1978 1397 2025 interroganti
1414 1975 1654 2023 respondisse.

1644 2043 1706 2081 76.

1210 2111 1384 2149 AElianus
1403 2114 1449 2148 V.
1476 2112 1524 2148 H.
1552 2113 1621 2158 111,
1646 2111 1715 2148 18:
1736 2110 1963 2162 Περιηγεῖταί
1992 2126 2070 2148 τινα
2098 2109 2193 2149 Θεό-

1156 2185 1298 2222 πομπος
1329 2168 1515 2208 συνουσίαν
1536 2168 1651 2208 Μίδου
1671 2172 1733 2207 τοῦ
1758 2167 1900 2221 Φρυγὸς
1930 2169 1989 2207 καὶ
2006 2171 2190 2216 Σειληνοῦ.

1158 2317 1312 2350 cumbere
1329 2327 1337 2348 ε
1354 2319 1387 2349 et
1399 2325 1457 2358 per
1477 2316 1540 2348 alia
1558 2316 1622 2348 tria
1638 2324 1797 2348 annorum
1814 2316 1915 2349 millia
1938 2316 2060 2348 bellum
2076 2325 2132 2349 eos
2146 2317 2192 2348 in-

1160 2367 1207 2397 ter
1223 2373 1258 2397 se
1274 2373 1393 2405 gerere,
1410 2372 1565 2405 pugnare,
1583 2365 1616 2395 et
1632 2364 1771 2396 alterum
1799 2364 1932 2396 alterius
1948 2373 2046 2405 opera
2061 2365 2190 2397 demoli-

1157 2413 1184 2444 ri
1215 2422 1222 2444 :
1250 2412 1383 2445 tandem
1411 2411 1583 2443 Plutonem
1607 2410 1766 2449 deficere3
1788 2413 1821 2443 et
1846 2414 1926 2444 tunc
1953 2411 2100 2444 homines
2122 2412 2190 2444 sore

1153 2460 1277 2499 beatos,
1294 2467 1399 2500 neque
1415 2459 1570 2491 alimento
1581 2460 1722 2497 utentes,
1741 2466 1846 2498 neque
1863 2457 2012 2490 umbram
2029 2458 2160 2490 edentes
2178 2469 2184 2489 :

1153 2507 1251 2540 deum
1272 2515 1368 2548 porro
1390 2506 1454 2538 ista
1478 2505 1535 2547 qui
1555 2504 1777 2544 machinetur,
1804 2504 1970 2545 quiescere
1990 2504 2029 2536 ad
2057 2504 2188 2545 aliquod

1152 2556 1295 2596 tempus,
1308 2553 1396 2595 quod
1411 2553 1543 2594 quidem
1559 2561 1625 2585 non
1640 2552 1776 2592 longum
1794 2551 1837 2583 sit
1849 2552 1922 2591 deo,
1937 2552 1994 2584 sed
2011 2553 2136 2584 rectum
2153 2554 2188 2584 et

1151 2601 1314 2634 mediocre
1332 2602 1501 2641 tamquam
1520 2599 1662 2632 hominis
1679 2598 1883 2631 dormientis.

1639 2662 1701 2694 73.

1192 2719 1307 2760 Zopyri
1321 2718 1452 2751 talenta.
1467 2719 1696 2758 Theopompus
1708 2716 1817 2755 tradit,
1832 2714 2071 2757 Zopyrum,qui
2087 2717 2186 2747 Persa

1149 2769 1230 2806 erat,
1247 2766 1427 2798 ambitione
1445 2765 1511 2806 regi
1529 2764 1764 2806 gratificantem
1780 2763 1981 2804 Babylonem
2000 2762 2184 2803 ingressum

1148 2822 1230 2852 esse,
1250 2814 1425 2854 postquam
1442 2821 1477 2844 se
1493 2811 1685 2852 flagellasset
1700 2811 1733 2842 et
1747 2818 1826 2842 naso
1840 2809 2038 2850 auribusque
2059 2808 2184 2850 privas-

1147 2863 1213 2900 set3
1232 2863 1329 2901 atque
1344 2868 1445 2900 quum
1463 2859 1583 2891 misero
1600 2859 1662 2890 hoc
1678 2859 1764 2889 statu
1792 2857 1889 2888 fidem
1902 2856 2018 2888 incolis
2031 2855 2182 2896 fecisset,

1149 2909 1262 2941 urbem
1284 2908 1422 2949 cepisse.
1446 2907 1664 2948 MetaphorIce
1689 2905 1788 2945 igitur
1807 2905 1888 2936 dixit
1910 2905 2031 2937 talenta
2055 2908 2088 2936 et
2106 2904 2183 2945 Juga

1147 2957 1315 2995 tamquam
1336 2963 1433 2994 opera
1454 2956 1485 2985 et
1503 2963 1553 2985 res
1569 2955 1685 2994 gestas.

1633 3011 1695 3043 74.

1187 3070 1378 3105 Heliodorus
1395 3071 1507 3100 auctor
1516 3070 1565 3100 est
1579 3067 1776 3100 Antiochum
1789 3067 1988 3108 Epiphanem
2001 3067 2181 3100 Antiochiae

1144 3118 1267 3150 sontem
1284 3117 1361 3148 vino
1376 3115 1546 3148 miscuisse
1561 3125 1568 3146 :
1586 3114 1863 3156 quemadmodum
1884 3117 1917 3147 et
1933 3115 2108 3157 Phrygium
2124 3115 2181 3148 Mi-

1143 3165 1218 3197 dam
1236 3165 1350 3197 l'ecisse
1358 3165 1587 3205 Theopompus
1600 3163 1726 3203 scribit,
1740 3173 1842 3205 quum
1855 3162 1953 3196 vellet
1968 3164 2114 3196 Silenum
2124 3173 2180 3206 per

1145 3213 1332 3245 ebrietatem
1345 3219 1469 3252 capere.

1628 3270 1648 3302 7
1655 3271 1692 3303 6.

1185 3329 1301 3359 Narrat
1309 3328 1552 3370 Theopompus,
1565 3327 1763 3369 colloquium
1778 3328 1944 3370 quoddam
1959 3329 2044 3361 inter
2055 3328 2178 3365 Midam

1113 3382 1119 3396 ·
1143 3375 1302 3415 Phrygem
1316 3376 1348 3407 et
1362 3374 1505 3407 Silenum
1521 3375 1754 3408 intercessisse.
1774 3376 1834 3408 Hic
1849 3376 1982 3409 Silenus
1996 3378 2065 3408 erat
2078 3378 2177 3418 Nym»

1996 3430 2030 3459 19
