2320 3684
170 212 244 246 222

171 295 217 337 εἷς
234 290 271 330 ὃν
289 291 483 336 ἕνεῧίὸαζεν
503 289 704 344 ἀνθρώπους
719 319 731 339 ,
761 288 913 328 κᾶπειτα
931 295 1001 344 πῦρ
1017 291 1194 330 ὑποκαίων

174 349 347 402 ἓλάμὸανε
368 348 538 402 τιμωρίαν
555 347 653 401 παρὰ
671 349 740 386 τῶν
766 347 1057 399 ὑποταττομένων
1075 347 1198 388 τοιαύ-

171 424 248 457 την,
265 407 379 456 ὥστε,
397 405 655 460 ἐκπυρουμένου
682 409 743 444 τοῦ
772 407 908 460 χαλκοῦ
922 437 933 456 ,
957 406 1016 446 τὸν
1038 406 1100 458 μὲν
1132 406 1198 446 ἄν-

172 470 309 520 θρωπον
326 464 543 517 πανταχόθεν
563 463 840 517 παροπτώμενον
863 464 924 504 καὶ
942 465 1198 519 περιφλεγόμε-

173 540 229 563 νον
251 523 529 577 διαφθείρεσθαι,
548 521 640 561 κατὰ
655 521 693 560 δὲ
707 521 771 570 τὴν
789 522 984 577 ὓπερὸολὴν
1001 526 1064 571 τῆς
1083 525 1197 594 ἀλγη-

179 583 297 629 δόνος,
314 581 442 621 ὁπόταν
462 581 631 634 βοήσειεν,
662 585 836 636 μυκηθμῷ
861 582 1108 636 παραπλήσιον
1139 582 1197 622 τὸν

176 646 262 694 ἠχον
284 643 322 679 ἐκ
334 644 395 679 τοῦ
411 640 746 691 κατασκευάσματος
760 640 991 694 προσπίπτειν
1011 646 1081 684 τοῖς
1093 639 1199 679 ἀκού-

174 716 268 740 ουσι·
303 698 427 738 τούτου
455 698 491 737 δὲ
510 703 570 738 τοῦ
594 698 722 752 ταύρου
755 699 846 738 κατὰ
875 698 940 747 τὴν
975 700 1198 753 ἐπικράτειαν

176 758 427 813 Καρχηδονίων
446 757 707 810 μετενεχθέντος
725 759 765 797 ἐκ
784 758 1013 812 Ἀκράγαντος
1031 761 1060 798 εἰ
1065 775 1079 802 ς
1098 760 1198 812 Καρ·

175 817 328 871 χηδόνα,
348 817 409 855 καὶ
429 820 492 864 τῆς
505 817 638 870 θυρίδος
658 816 887 868 διαμενούσης
906 818 985 871 περ).
1005 817 1065 861 τὰς
1084 833 1200 856 συνω-

178 877 278 929 μίας,
298 876 341 914 δι’
358 879 399 922 ἧς
419 875 601 914 συνέὸαινε
617 875 798 915 καθίεσθαι
813 875 893 921 τους
911 876 968 915 ἐπὶ
999 875 1063 924 τὴν
1093 891 1201 927 τιμω-

178 937 268 991 ρίαν,
288 936 347 974 mi
364 935 484 990 ἑτέρας
502 935 634 984 αἰτίας,
659 936 702 974 δι’
733 936 817 984 ἦν’
802 952 837 974 εν
869 935 1072 990 Καρχηδόνι
1091 951 1200 974 κατε-

176 995 352 1042 σκευάσθη
406 998 559 1039 τοιοῦτος
597 998 719 1045 ταῦρος
731 1026 741 1044 ,
797 996 958 1046 οὐδαμῶς
1010 993 1202 1046 δυναμένης

177 1057 358 1108 εδρεθῆναι
377 1054 417 1093 τὸ
435 1054 603 1107 παράπαν
617 1069 625 1078 ·
648 1053 743 1106 ὅμως
762 1054 913 1105 Τίμαιος
932 1054 1121 1093 ἐπεὸάλετο
1142 1052 1203 1091 καὶ

176 1114 241 1161 τὴν
268 1113 386 1161 κοινὴν
413 1113 533 1167 φήμην
566 1113 824 1161 ἀνασκευάζειν,
846 1113 905 1152 καὶ
927 1113 990 1156 τὰς
1012 1112 1204 1166 ἀποφάσεις

177 1175 247 1211 τῶν
278 1188 433 1220 ποιητων
458 1171 517 1211 καὶ
543 1171 770 1226 συγγραφέων
800 1173 1029 1225 ψευδοποιεῖν,
1046 1170 1203 1225 φάσκων,

179 1230 261 1282 μήτ’
280 1224 415 1269 εἶναι
382 1246 440 1269 τον
461 1232 496 1269 ἐν
521 1229 725 1283 Καρχηδόνι
752 1234 878 1283 ταῦρον
899 1229 933 1274 ἐξ
954 1229 1203 1282 Ἀκράγαντος,

181 1289 270 1339 μήτε
291 1289 470 1341 γεγονέναι
496 1292 650 1327 τοιοῦτον
680 1290 714 1327 ἐν
734 1291 778 1340 τῇ
811 1287 1047 1342 προειρημένῃ
1079 1286 1202 1325 πόλει·

178 1348 238 1387 καὶ
261 1347 411 1391 πολλοὺς
438 1347 476 1386 δέ
493 1363 589 1390 τινας
612 1349 659 1391 εἰς
680 1351 782 1385 τοῦτο
803 1347 843 1385 τὸ
873 1346 975 1398 μέρος
998 1344 1205 1384 διατέθειται

182 1407 382 1459 (Goellerus
400 1406 645 1444 scribendum
659 1414 768 1457 putat
781 1405 1014 1457 διατέθειμαι;
1029 1413 1145 1452 recte,
1164 1412 1206 1441 ut

180 1466 334 1503 videtur
348 1479 356 1501 :
368 1466 415 1502 cf.
431 1466 531 1502 enim
553 1465 599 1501 fr.
619 1477 782 1515 sequens
795 1463 863 1501 ubi
877 1463 1037 1501 Diodor.
1056 1462 1205 1513 Polybii

183 1525 342 1574 vestigia
375 1523 481 1574 legit)
499 1522 641 1572 λόγους,
655 1521 747 1561 κατὰ
761 1525 823 1569 τ’ῆς
836 1522 991 1573 Ἰιμαίου
1007 1522 1040 1559 τί
1055 1537 1140 1560 ποτε
1157 1521 1206 1559 δεῖ

180 1582 331 1634 λέγειν”
311 1597 422 1633 ονομα
438 1581 499 1619 καὶ
520 1584 635 1635 ῥημα;
661 1581 777 1620 πάντα
802 1581 869 1634 γὰρ
897 1580 1120 1633 ἐπιδέχεσθαί
1149 1595 1207 1631 μοι

181 1645 273 1682 δοκεῖ
289 1642 332 1681 τὰ
344 1642 540 1695 πικρότατα
555 1642 594 1681 τὸ
608 1643 722 1694 γένος,
737 1636 811 1686 οἷς
796 1648 921 1685 εκεῖνος
935 1642 1105 1695 κέχρηται
1118 1641 1208 1680 κατὰ

181 1705 248 1740 τῶν
269 1701 430 1748 πλτσίον.

234 1808 393 1845 Diodor.
427 1811 544 1855 XIII,
577 1754 920 1857 90‚11113inilcarem
961 1808 1077 1844 refert
1111 1807 1210 1844 inter

183 1866 373 1917 praedam,
395 1867 590 1916 Agrigenti
619 1874 787 1916 captam,
817 1865 1027 1903 Phalaridis
1057 1878 1210 1915 quoque

184 1933 334 1962 taurum
349 1925 618 1974 Carthaginem
634 1924 778 1961 misisse
791 1939 799 1961 :
810 1925 942 1961 Τοῦτον
959 1922 994 1960 δὲ
1010 1923 1068 1961 τὸν
1085 1927 1209 1976 ταῦρον

185 1986 202 2021 ὁ
222 1983 372 2034 Τίμαιος
386 1984 420 2020 ἐν
440 1989 515 2026 ταῖς
536 1982 718 2036 Ἱστορίαις
735 1981 1077 2032 διαὸεὸαιωσάμενος
1095 1980 1143 2031 μὴ
1157 1997 1212 2033 γε-

183 2040 318 2091 γονέναι
338 2040 377 2079 τὸ
398 2040 555 2088 σύνολον,
588 2040 647 2078 ὑπ’
677 2041 782 2087 αὖτῆς
812 2043 872 2087 τῆς
898 2039 1007 2092 τύχης
1042 2039 1208 2092 ἠλέγχθη.

186 2100 344 2138 Σκιπίων
380 2101 447 2153 γὰρ
481 2098 623 2152 ὕστερον
652 2097 779 2144 ταύτης
809 2102 870 2146 τῆς
898 2098 1061 2143 ἁλώσεως
1088 2099 1210 2151 σχεδὸν

184 2156 352 2204 ἑξήκοντα
374 2157 431 2195 καὶ
461 2158 648 2201 διακοσίοις
673 2157 781 2196 ἔτεσιν
808 2157 1024 2211 ἐκπορθήσας
1055 2162 1210 2210 Καρχη-

185 2216 281 2265 δόνα,
301 2218 372 2260 τοῖς
389 2215 668 2269 Ἀκραγαντίνοις
700 2215 789 2267 μετὰ
806 2219 873 2255 τῶν
896 2215 1025 2265 ἄλλων,
1045 2218 1114 2254 τῶν
1139 2217 1213 2254 δια-

185 2275 376 2326 μεινάντων
415 2274 514 2328 παρὰ
544 2281 615 2318 τοῖς
641 2275 911 2328 Καρχηδονίοις,
946 2273 1212 2322 ἀποκατέστησε

184 2332 243 2371 τὸν
262 2348 400 2387 ταυρον,
421 2336 456 2377 ὃς
475 2333 532 2371 καὶ
553 2334 660 2370 τῶνδε
691 2349 759 2371 των
792 2335 953 2386 ἱστοριων
982 2333 1212 2387 γραφομένων

184 2394 227 2438 ἠν
245 2393 280 2430 ἐν
294 2391 513 2442 Ἀκράγαντι.
533 2391 622 2444 Περὶ
640 2391 676 2429 δὲ
662 2391 812 2429 τούτου
827 2392 1087 2445 φιλοτιμότερον
1105 2394 1212 2430 εἰπεῖν

186 2539 241 2569 tus
253 2558 262 2574 ,
282 2537 316 2568 in
334 2545 432 2577 quem
455 2535 507 2568 ille
525 2535 672 2567 homines
687 2536 781 2567 vivos
798 2535 1018 2575 immittebat,
1036 2545 1073 2568 ac
1094 2536 1210 2568 deinde

187 2584 356 2625 supposito
371 2583 444 2624 igne
456 2582 592 2614 miseros
607 2591 645 2614 eo
658 2582 814 2623 supplicio
828 2583 1001 2621 cruciabat,
1017 2586 1064 2622 ut,
1079 2592 1142 2615 aere
1156 2592 1211 2624 per

187 2632 294 2670 iguem
309 2629 496 2662 candefacto
507 2653 516 2668 ,
534 2629 675 2661 adassati
692 2631 787 2669 atque
802 2629 943 2661 ambusti
959 2629 1126 2661 interirent
1150 2638 1186 2661 ac
1199 2654 1208 2669 ‚

191 2679 218 2709 si
236 2677 366 2718 quando
378 2685 446 2717 prae
459 2676 579 2708 doloris
592 2675 764 2707 acerbitate
777 2676 1005 2714 exclamarent,
1026 2685 1125 2707 sonus
1140 2685 1210 2707 mu-

188 2724 284 2765 gienti
297 2725 392 2755 tauro
403 2723 518 2754 similis
534 2722 751 2754 exaudiretur.
764 2722 823 2754 Hic
834 2724 947 2754 taurus
964 2732 1063 2763 quum
1080 2722 1119 2754 iis
1133 2725 1210 2754 tem-

191 2770 336 2811 poribus,
353 2770 471 2810 quibus
486 2769 576 2802 Poeni
594 2769 708 2801 Siciiiae
721 2769 890 2809 imperium
904 2768 1103 2807 obtinebant,
1121 2769 1211 2809 Agri-

190 2819 285 2858 gento
307 2817 531 2857 Carthaginem
548 2816 722 2848 translatus
746 2816 806 2855 sit,
823 2817 1014 2856 maneatque
1034 2816 1210 2847 etiamnum

190 2865 330 2896 fenestra
343 2863 427 2895 circa
443 2865 512 2904 eJus
528 2862 753 2903 interscapilia‚
769 2871 832 2903 qua
845 2862 986 2894 damnati
1000 2862 1211 2893 immitteban-

192 2914 261 2950 tur;
276 2919 441 2951 quumque
458 2911 545 2942 nulla
563 2910 695 2942 demum
712 2909 773 2941 alia
789 2918 886 2941 causa
901 2909 1029 2950 reperiri
1044 2909 1210 2950 potuerit,

190 2959 319 2998 propter
329 2967 426 2998 quam
440 2957 627 2998 hujusmodi
639 2959 752 2988 taurus
765 2957 958 2997 Carthagine
972 2956 1147 2988 fabricatus
1157 2954 1209 2994 sit,

190 3005 290 3036 nihilo
308 3005 416 3036 minus
431 3005 572 3036 Timaeus
587 3012 792 3036 communem
805 3012 842 3035 ac
857 3003 1078 3044 pervulgatam
1094 3002 1212 3033 samam

189 3053 334 3083 evertere
348 3053 398 3083 est
419 3060 609 3091 aggressus,
633 3053 665 3083 et
680 3054 847 3092 poetarum
869 3053 966 3091 atque
987 3049 1212 3082 historicorum

191 3098 375 3129 testimonia
390 3098 461 3129 salsi
480 3098 683 3129 convincere.
702 3097 879 3130 Contendit
894 3097 992 3137 enim,
1013 3100 1142 3128 taurum
1158 3095 1213 3136 qui

191 3143 384 3183 Carthagine
396 3145 457 3184 est,
476 3144 646 3184 Agrigento
661 3144 700 3176 ad
707 3146 833 3176 vectum
849 3153 911 3175 non
925 3153 1004 3180 esse,
1019 3151 1122 3184 neque
1133 3143 1213 3183 ejus-

193 3189 280 3220 modi
296 3191 424 3221 taurum
439 3191 600 3230 Agrigenti
619 3199 760 3231 unquam
779 3191 951 3223 exstitisse.
970 3193 1075 3230 Atque
1086 3190 1119 3221 in
1133 3190 1214 3221 hanc

193 3235 385 3266 sententiam
417 3237 518 3268 multa
532 3238 638 3269 dicere
655 3237 791 3276 institui,
820 3237 976 3269 adversus
997 3237 1085 3268 illam
1101 3235 1214 3268 Timaei

192 3282 356 3321 quomodo
372 3283 526 3322 appellem
544 3285 652 3315 nescio
665 3294 671 3314 :
684 3284 808 3315 nullum
824 3286 873 3316 est
887 3284 971 3316 enim
984 3285 1050 3316 tam
1063 3283 1214 3315 acerbum

193 3327 376 3358 convicium
394 3337 431 3359 ex
450 3329 499 3360 his
515 3330 633 3369 quibus
654 3330 706 3361 ille
722 3330 877 3361 adversus
893 3330 971 3362 alios
988 3330 1107 3371 utitur,
1127 3329 1212 3370 quod

194 3373 268 3404 huic
284 3373 370 3405 illius
386 3374 534 3406 instituto
548 3385 610 3407 non
627 3376 763 3408 arbitrer
781 3376 963 3408 convenire.

955 205 1124 245 TIMAEI
1149 205 1484 248 FRAGMENTA.

1251 292 1447 366 προήχθην,
1463 294 1549 333 διότι
1562 293 1712 345 Τίμαιος
1722 296 1818 333 ὁτῶν
1833 294 1900 348 πρὸ
1912 297 2036 335 ἑαυτοῦ
2051 299 2276 352 συγγραφέων

1252 353 1447 407 πικρότατα
1480 352 1747 406 κατηγορήσας,
1782 352 1842 391 καὶ
1869 353 2079 428 συγγνώμην
2113 357 2276 408 οὐδεμίαν

1252 417 1325 455 τοῖς
1342 411 1619 472 ἱστοριογράφοις
1639 410 1835 461 ἀπολιπὼν,
1857 412 1958 456 αὐτὸς
1978 411 2172 466 εὑρίσκεται
2189 430 2278 468 σχε-

1255 470 1426 516 διάζων,’
1410 486 1445 509 εν
1464 473 1513 514 οἱς
1536 471 1691 521 μάλιστα
1717 470 1838 509 ἑαυτὸν
1863 470 2112 525 ἀποπέφαγκεν
2131 473 2277 527 ἀκριὸο-

1253 530 1475 583 λογούμενον.

1724 616 1735 651 l
1752 613 1809 650 18.

1309 701 1434 739 Schol.
1455 699 1565 738 Pind.
1584 700 1695 750 Pyth.
1726 704 1758 747 Ι,
1778 703 1850 739 185
1869 713 1877 736 z
1895 698 1967 737 Τὸν
1987 697 2023 737 δὲ
2044 702 2107 737 τοῦ
2121 698 2282 754 Φαλάρι-

1259 759 1314 802 δος
1343 762 1469 811 ταῦρον
1487 760 1519 796 οἱ
1535 758 1795 811 Ἀκραγαντῖνοι
1820 757 2086 806 κατεπόντισαν,
2118 756 2165 801 ὥς
2219 772 2281 805 ησι

1257 818 1419 869 Τίμαιος.
1445 817 1516 858 Τὸν
1541 815 1609 870 γὰρ
1629 818 1663 854 ἐν
1682 820 1725 869 τῇ
1745 816 1845 855 πόλει
1873 815 2090 867 δεικνύμενον
2115 814 2164 867 μὴ
2194 831 2210 854 ε
2225 831 2282 854 ναι

1257 880 1316 914 τοῦ
1331 874 1535 928 Φαλάριδος
1548 906 1557 922 ,
1575 875 1734 929 καθάπερ
1747 878 1769 922 ἡ
1789 874 1902 922 πολλὴ
1923 873 2066 926 κατέχει
2087 873 2186 923 δόξα,
2203 875 2282 913 ἀλλ’

1258 934 1359 972 εἰκών
1391 935 1466 972 ἐστι
1503 932 1660 977 Γέλωνος
1694 938 1752 972 τοῦ
1778 936 1939 983 ποταμοῦ
1959 933 2080 983 (Gelae
2113 933 2281 984 potius).

1260 991 1536 1031 Κατασκευάσαι
1565 991 1600 1030 δὲ
1622 991 1723 1030 αὐτόν
1751 1006 1837 1045 φασι
1863 990 2037 1044 Περίλαον
2057 989 2116 1029 καὶ
2143 993 2282 1044 πρῶτον

1260 1052 1293 1088 ἐν
1312 1052 1404 1104 αὐτῷ
1418 1053 1648 1097 κατακαῆναι.

1314 1109 1428 1147 Pauci
1443 1117 1574 1156 erunt,
1592 1109 1686 1146 dicit
1701 1109 1903 1158 Bentleyus
1921 1111 1996 1158 Op.
2017 1108 2111 1159 phil.
2136 1121 2174 1159 p.
2193 1108 2284 1156 438,

1262 1169 1328 1218 qui
1348 1168 1590 1205 scholiastam
1609 1166 1769 1216 Polybio
1784 1174 1822 1204 et
1840 1167 2011 1204 Diodoro
2040 1174 2284 1218 anteponant.

1262 1226 1335 1264 Sed
1354 1226 1385 1263 si
1399 1227 1484 1276 quis
1499 1226 1589 1273 erit,
1610 1226 1677 1275 qui
1693 1226 1746 1262 ita
1764 1225 1974 1273 existimet,
1990 1225 2022 1264 is
2041 1225 2117 1263 levi
2133 1225 2286 1276 negotio

1263 1284 1376 1321 nobis
1402 1283 1670 1334 persuadebit,
1697 1283 1884 1321 Timaeum
1902 1296 1992 1320 vere
2020 1284 2202 1332 sensisse,
2219 1283 2286 1322 sed

1263 1355 1333 1380 nec
1347 1341 1430 1392 ejus
1444 1342 1670 1379 sententiam
1683 1340 1858 1379 Diodoro
1872 1346 1910 1378 et
1923 1340 2084 1391 Polybio
2102 1341 2285 1380 adversa-—

1265 1408 1353 1437 tam.
1372 1403 1469 1438 Nam
1491 1413 1611 1450 quum
1626 1400 1689 1437 Ol.
1705 1401 1770 1448 93,
1784 1400 1806 1436 3
1826 1406 1957 1436 taurus
1973 1399 2013 1435 in
2029 1398 2158 1449 praeda
2172 1399 2286 1450 Agri-

1265 1459 1419 1508 gentina
1450 1458 1718 1508 Carthaginem
1761 1465 1978 1508 asportatus
2018 1458 2087 1503 sit,
2111 1470 2288 1508 annoque

1266 1517 1417 1554 demum
1434 1517 1494 1555 Ol.
1514 1517 1600 1563 158,
1617 1517 1638 1553 3
1659 1529 1680 1552 a
1706 1515 1883 1566 Scipione
1897 1515 2155 1565 Agrigentinis
2173 1515 2286 1553 resti·-

1267 1583 1389 1622 tutus‚
1410 1584 1560 1622 taurus,
1588 1575 1654 1625 qui
1683 1574 1785 1611 intra
1814 1573 1888 1611 hoc
1912 1574 2095 1625 temporis
2122 1574 2288 1625 spatium

1266 1634 1467 1684 Agrigenti
1484 1641 1602 1680 esset,
1618 1641 1656 1670 et
1671 1632 1801 1670 Timaei
1823 1631 2060 1683 temporibus
2081 1645 2163 1670 esse
2187 1630 2288 1671 Pha-

1266 1692 1395 1730 laridis
1411 1691 1691 1743 perhiberetur,
1721 1690 1822 1727 haud
1845 1690 1984 1738 injuria
2009 1691 2158 1740 signum
2174 1690 2289 1728 modo

1267 1751 1383 1788 fuisse
1414 1750 1581 1787 fluminis
1621 1750 1724 1787 Gelae
1755 1749 1938 1786 historico
1966 1748 2090 1786 videri
2126 1757 2286 1800 poterat.

1266 1814 1396 1860 Neque
1419 1823 1511 1847 vero
1542 1809 1751 1846 scholiastae
1777 1821 1885 1846 error
1913 1807 2076 1846 difficilis
2098 1809 2290 1859 explicatu

1267 1878 1335 1906 est.
1354 1872 1452 1907 Nam
1463 1881 1582 1919 quum
1601 1867 1650 1904 ab
1664 1867 1729 1914 iis,
1750 1867 1816 1918 qui
1843 1874 1994 1904 taurum
2023 1867 2232 1905 Phalaridis
2248 1868 2289 1906 in
2315 1876 2320 1882 ·

1268 1928 1438 1966 Africam
1470 1926 1518 1963 ab
1548 1925 1761 1964 Hannibale
1785 1933 2039 1962 transvectum
2055 1939 2136 1962 esse
2161 1926 2288 1964 trade-

1268 1993 1372 2032 rent,
1392 1993 1570 2035 negatum
1587 1997 1667 2021 esse
1683 1983 1908 2030 invenisset,
1928 1991 2078 2020 taurum
2095 1984 2162 2034 qui
2174 1983 2288 2034 Agri-

1269 2044 1372 2095 genti
1402 2051 1489 2094 post
1518 2043 1590 2079 hoc
1623 2050 1772 2092 tempus
1805 2049 1907 2089 erat,
1943 2041 2153 2080 Phalaridis
2187 2056 2289 2089 esse3

1264 2102 1407 2139 horum
1426 2100 1616 2150 judicium
1635 2113 1712 2136 non
1729 2099 1902 2136 distinxit
1931 2099 1980 2136 ab
2011 2100 2192 2150 opinione
2218 2101 2289 2139 Ti-

1270 2160 1350 2197 maei
1360 2189 1370 2207 ‚
1385 2160 1452 2210 qui
1466 2159 1623 2196 omnino
1643 2159 1763 2195 ullum
1778 2157 1991 2195 Phalaridis
2008 2166 2156 2196 taurum
2174 2159 2290 2197 fuisse

1269 2225 1437 2268 negaret.
1461 2217 1535 2256 Sed
1557 2217 1631 2254 hoc
1656 2217 1766 2267 plane
1792 2229 1955 2261 novum,
1985 2230 2006 2254 a
2028 2217 2170 2254 Timaeo
2187 2217 2291 2267 quod

1270 2275 1452 2313 traditum
1485 2288 1566 2312 esse
1598 2275 1733 2322 refert,
1771 2274 2040 2324 Agrigentinos
2082 2274 2292 2312 Phalaridis

1273 2343 1421 2372 taurum
1458 2334 1497 2370 in
1533 2347 1635 2371 mare
1668 2334 1864 2384 abjecisse.
1905 2333 1960 2370 Cf.
1991 2333 2214 2383 Wesseling.
2243 2334 2291 2371 ad

1271 2393 1383 2430 Diod.
1401 2397 1445 2440 V,
1467 2406 1505 2443 p.
1523 2394 1610 2436 438.

1311 2592 1454 2622 Taurum
1477 2589 1567 2620 illum
1589 2597 1734 2629 unquam
1764 2588 1862 2620 fuisse
1883 2597 1999 2629 magna
2018 2589 2222 2621 contentione
2241 2589 2292 2622 Ti·
2316 2613 2320 2628 ς

1270 2645 1371 2668 maeus
1387 2637 1419 2668 in
1429 2636 1581 2668 Historiis
1595 2636 1663 2667 suis
1676 2638 1781 2676 negat,
1792 2644 1892 2675 quum
1901 2638 2008 2667 tamen
2021 2635 2062 2667 ab
2075 2636 2146 2676 ipso
2156 2636 2293 2668 fortuma

1271 2686 1391 2715 eventu
1404 2684 1623 2723 redarguatur.
1638 2685 1719 2715 Nam
1735 2684 1842 2724 Scipio
1855 2683 2022 2715 Africanus
2035 2682 2180 2715 ducentis
2195 2683 2292 2716 ferme
2309 2676 2320 2744 ἓ

1270 2733 1302 2761 et
1330 2730 1495 2770 sexaginta
1514 2730 1607 2761 annis
1626 2732 1696 2770 post
1716 2730 1797 2760 banc
1815 2729 2086 2770 expugnationem
2101 2729 2293 2770 Cartbagine
2310 2745 2320 2769 ¹g

1270 2785 1393 2815 eversa,
1405 2777 1567 2815 interalia,
1579 2786 1652 2817 quae
1663 2777 1702 2808 ad
1718 2776 1796 2807 illud
1813 2784 1915 2816 usque
1929 2778 2056 2816 tempus
2072 2778 2198 2808 aetaoem
2217 2777 2293 2809 tulo
2306 2774 2320 2823 j

1270 2825 1354 2862 rant,
1364 2824 1461 2855 etiam
1475 2827 1604 2855 taurum
1620 2824 1710 2855 illum
1733 2824 1892 2854 famosum
1908 2823 2120 2863 Agrigentinis
2134 2823 2320 2864 restituitsffj

1271 2870 1443 2910 quietiam,
1459 2879 1558 2910 quum
1573 2879 1714 2910 praesens
1732 2870 1866 2901 historia
1881 2871 2113 2909 contexeretur,
2131 2869 2320 2910 Agrigenti
2306 2865 2320 2882 ‘³

1271 2920 1432 2958 Supelstes
1444 2919 1522 2949 erat.
1539 2919 1611 2955 Qua
1625 2917 1664 2948 de
1681 2926 1715 2948 re
1730 2917 1908 2948 studiosius
1923 2917 2079 2948 disserere
2094 2917 2174 2949 mihi
2185 2917 2320 2979 libum}

1271 2965 1358 3005 quod
1375 2964 1527 3003 Timaeus,
1543 2973 1644 3004 quum
1660 2972 1773 3004 magna
1787 2963 1959 2995 acerbitate
1971 2964 2142 3004 scriptores
2164 2951 2320 2997 aetatem*
2305 2977 2320 3033 ξ

1273 3020 1366 3043 suam
1383 3011 1606 3042 antecedentes
1619 3009 1841 3062 reprehendat,
1864 3009 2054 3050 nullumque
2067 3010 2226 3042 historicis
2241 3010 2320 3043 ve·
2302 3034 2320 3069 ὲ

1271 3057 1625 3097 niaelocumrelinquat,
1640 3056 1710 3096 ipse
1722 3059 1841 3095 tamen,
1851 3056 1905 3086 ubi
1917 3055 2200 3095 diligentissimum
2214 3054 2320 3104 veri·⁸ss

1270 3105 1346 3137 tatis
1357 3104 1499 3137 studium
1507 3103 1684 3144 profitetur,
1692 3101 1801 3142 nugari
1809 3105 1840 3134 et
1850 3102 2024 3134 halucinari
2033 3081 2320 3144 ὀειρνοίιοικίὶιιιν.“-ἓ
2300 3131 2320 3159 ,ἦ

1314 3197 1492 3230 Phalaridis
1503 3199 1632 3228 taurum
1647 3173 1842 3236 Agrigentini
1863 3194 1895 3226 in
1914 3204 2001 3227 mare
2020 3195 2237 3234 demiserunt,
2255 3159 2320 3265 κέ

1273 3244 1371 3277 tiadit
1385 3244 1538 3276 Timaeus.
1546 3246 1628 3275 Eum
1643 3243 1742 3280 enim,
1758 3242 1857 3282 quiin
1870 3242 1949 3274 urbe
1966 3244 2210 3282 monstraretur,
2226 3249 2291 3273 non

1273 3300 1343 3324 esse
1375 3291 1553 3323 Phalaridis
1563 3313 1571 3328 ,
1597 3289 1682 3329 quod
1713 3288 1809 3328 vulgo
1828 3291 1969 3328 putant,
2000 3288 2057 3320 sed
2085 3287 2296 3320 simulacrum

1273 3339 1362 3371 Gelae
1389 3338 1478 3369 ssuvii
1509 3345 1589 3369 esse.
1608 3338 1677 3368 Hoc
1703 3337 1808 3367 autem
1825 3335 1999 3368 confecisse
2015 3335 2126 3367 dicunt
2135 3333 2320 3391 Ροῐῦαιιιιῇ,

1273 3393 1412 3426 eumque
1428 3384 1569 3426 primum
1585 3383 1618 3415 in
1634 3391 1672 3415 eo
1687 3383 1864 3414 crematum
1880 3390 1962 3414 esse.

2295 3318 2320 3346 β
