2294 3704
952 160 1019 200 DE
1048 161 1270 203 EPHORO.

74 256 352 298 eruditissimus,
375 260 414 289 et
428 263 549 288 rerum
565 252 669 297 copia
690 256 726 284 et
742 250 1005 284 sententiarum
1022 260 1099 283 va-

77 317 203 350 rietate
217 311 566 353 abundantissimus,
588 315 627 344 et
644 310 724 356 ipsa
744 308 998 354 compositione
1018 318 1103 341 ver·

76 371 201 408 borum
232 383 304 407 non
336 361 541 418 impolitus,
569 378 746 415 magnam
776 367 1021 413 eloquentiam
1052 365 1106 399 ad

74 430 304 467 scribendum
326 429 468 470 attulit,
508 426 576 461 sed
601 427 743 461 nullum
774 437 878 460 usum
893 422 1100 471 forensem.

75 489 300 528 Accuratius
315 487 362 524 de
374 485 548 523 oratione
564 484 698 522 Timaei
711 483 790 533 agit
805 482 844 520 in
862 486 968 520 Brut.
982 495 1013 518 c.
1029 481 1100 530 95:

79 551 223 586 Genera
243 548 420 583 Asiaticoe
434 545 599 580 dictionis
616 552 701 580 sunt
715 545 786 579 duo
798 556 810 578 :
825 555 937 578 unum
953 549 1103 577 senten-

76 610 202 644 tiosum
223 614 262 642 et
276 613 468 654 argutum,
487 606 674 639 sententiis
692 615 764 638 non
783 610 859 638 tam
879 598 1051 650 gravibus
1069 607 1105 634 et

74 668 218 709 severis,
243 677 355 713 quam
370 665 554 698 concinnis
569 670 606 698 et
620 664 775 697 venustis
781 674 796 705 ;
811 662 932 709 qualis
944 662 981 694 in
998 658 1102 694 histo-

75 728 133 761 ria
157 725 330 767 Timoeus,
347 725 384 758 in
402 721 555 757 dicendo
572 728 708 767 autem,
716 722 847 769 pueris
866 717 983 761 nobis,
1005 719 1102 753 Hie-

75 785 190 819 rocles
208 780 463 824 Alabandeus,
484 781 605 827 magis
623 782 734 815 etiam
751 779 961 820 Menecles,
979 772 1108 823 frater

75 845 170 888 ejtcs,
182 840 267 888 fuit
279 853 291 875 :
309 851 462 888 quorum
480 841 666 886 utriusque
680 841 862 874 orationes
873 844 961 872 sunt
973 837 1104 883 impri-

77 904 159 946 mis,
173 908 215 936 ut
225 901 386 936 Asiatico
399 901 436 933 in
449 909 596 946 genere,
613 895 831 933 laudabiles.
843 897 987 933 Contra
1001 891 1106 930 omni

76 959 254 998 Asiaticae
277 955 506 1007 eloquentiae
538 953 649 1005 adipe
680 954 888 992 dictionem
921 951 1003 1003 ejus
1038 964 1108 988 un-

79 1026 176 1056 ctam
215 1017 308 1055 dicit
339 1014 563 1053 Plutarchus
599 1014 638 1051 in
663 1014 774 1052 Nicia
807 1026 893 1064 cap.
917 1026 950 1051 1.
978 1009 1109 1050 Verba

79 1083 162 1120 haec
181 1090 289 1119 sunt:
305 1077 562 1131 εὈςζΤίμαιος)
575 1078 720 1122 ἐλπίσας
738 1077 794 1116 τὸν
812 1076 875 1128 μὲν
889 1075 1108 1121 Θουκυδίδην

81 1139 352 1194 ὓπερὸαλεῐσθαι
374 1134 567 1185 δεινότητι,
585 1137 643 1175 τὸν
664 1136 700 1175 δὲ
720 1135 893 1176 Φίλιστον
918 1132 1108 1178 ἀποδείξειν

79 1198 286 1238 παντάπασι
306 1197 467 1252 φορτικὸν
496 1195 555 1234 κα)Ι
575 1194 736 1243 ἰδιώτην,
754 1193 811 1234 διὰ
833 1193 950 1245 μέσων
970 1194 1112 1231 ὠθεῖται

76 1260 124 1310 τῇ
143 1256 276 1311 ἱστορία
293 1259 362 1296 τῶν
389 1257 543 1309 μάλιστα
557 1253 844 1309 κατωρθωμένων
862 1252 1003 1296 ἐκείνοις
1020 1250 1112 1303 ἀγώ-

82 1332 152 1355 νων
170 1316 232 1355 καὶ
260 1319 467 1369 ναυμαχιῶν
491 1317 550 1356 καὶ
568 1316 805 1368 δημηγοριῶν,
824 1314 863 1351 οὖ
882 1312 933 1364 μὰ
949 1311 1019 1350 Δία

247 1394 340 1436 Παρὰ
360 1395 474 1427 Λύδιον
485 1394 569 1436 ἅρμα
584 1393 673 1431 πεζὸς
695 1392 855 1434 οἰχνεύων,

83 1473 131 1518 ὥς
146 1489 232 1541 φησι
258 1474 453 1542 Πίνδαρος·
474 1475 551 1514 ἀλλ’
568 1473 657 1518 δ’λως
678 1489 730 1518 τις
748 1472 928 1539 ὀψιμαθὴς
945 1489 1005 1512 και
1034 1487 1115 1523 μει-

86 1526 260 1581 ρακιώδης
280 1543 484 1581 φαινομενος
501 1529 537 1566 ἐν
557 1527 690 1571 τούτοις
702 1527 763 1567 καὶ
791 1525 928 1566 κατὰ
895 1542 954 1565 τον
970 1526 1114 1581 Δίφιλον

247 1618 377 1660 Παχὺς,
403 1617 627 1658 ὠνθυλευμένος
649 1616 754 1648 στέατι
776 1616 940 1658 Σικελικῷ.

87 1694 291 1745 Sequentia
316 1693 391 1731 vid.
407 1693 541 1743 fragm.
558 1698 642 1735 104.
659 1692 730 1730 His
748 1692 846 1730 adde
858 1693 1018 1743 Dionys.
1032 1695 1115 1732 Hal.

87 1762 116 1793 t.
134 1757 191 1801 ΙΙ,
210 1767 247 1804 p.
287 1753 382 1798 115,
415 1753 491 1790 25:
512 1753 559 1791 Οἱ
582 1752 611 1790 δ’
638 1751 842 1805 Ἰσοκράτην
864 1751 924 1790 καὶ
954 1753 999 1791 τὰ
1024 1752 1117 1793 Ἰσο-

86 1811 234 1866 κράτους
285 1810 585 1850 ἀποτυπώσασθαι
634 1810 841 1858 θελήσαντες
862 1841 873 1859 ,
909 1826 1026 1850 υπτιοι
1058 1812 1117 1852 καὶ

86 1870 214 1924 ψυχροὶ
248 1869 308 1909 καὶ
340 1871 498 1913 ἀναλθεῖς
523 1869 672 1922 (vulgo
700 1870 919 1921 ἀναληθεῖς).
947 1865 1056 1909 Ουτοι
1089 1871 1119 1910 δ’

87 1929 174 1968 εἰσὶν
193 1929 317 1981 οἱπερὶ
334 1928 505 1980 Τίμαιον,
532 1927 592 1967 καὶ
613 1927 757 1968 Ψάωνα
772 1930 906 1980 (vulgo
922 1930 1117 1981 Πλάτωνα)

88 1988 148 2027 καὶ
168 1987 383 2039 Σωσιγένην.
400 1992 448 2026 Et
465 1988 627 2040 Longin.
642 1991 701 2026 De
718 1988 869 2026 sublim.
887 1990 950 2038 IV,
969 2004 1002 2038 1,
1014 2003 1051 2040 p.
1073 2005 1087 2027 1
1100 2005 1114 2027 1

87 2047 143 2099 (p.
161 2050 204 2086 13
221 2061 278 2098 sq.
290 2047 448 2098 Weisk.)
467 2062 474 2085 :
492 2045 654 2098 Θατέρου
674 2045 711 2085 δὲ
729 2040 776 2085 ὧν
796 2046 952 2099 εἴπομεν,
970 2048 1063 2100 λέγω
1083 2048 1119 2088 δὲ

87 2122 149 2144 του
171 2108 329 2160 ψυχροῦ,
358 2105 495 2160 πλήρης
518 2108 537 2144 ὁ
562 2105 735 2157 Τίμαιος,
766 2105 853 2160 ἀνὴρ
881 2106 926 2145 τὰ
944 2107 1008 2157 μὲν
1029 2108 1119 2147 ἄλλα

88 2164 228 2212 ἱκανὸς,
254 2164 314 2203 καὶ
339 2180 424 2219 προς
451 2164 564 2217 λόγων
590 2164 697 2203 ἐνίοτε
725 2164 867 2217 μέγεθος
894 2167 958 2205 οὐκ
981 2166 1119 2222 ἄφορος,

88 2219 304 2277 πολυιστωρ,
322 2223 550 2272 ἐπινοητικὸς,
570 2223 662 2271 πλὴν
679 2224 871 2278 ἀλλοτρίων
887 2225 951 2276 μὲν
965 2227 1118 2278 ἐλεγκτι-

90 2281 248 2327 κώτατος
271 2283 560 2336 ἁμαρτημάτων,
589 2283 839 2331 ἀνεπαίσθητος
863 2283 900 2322 δὲ
919 2284 1036 2323 ἰδίων·
1053 2285 1120 2324 ὑπὸ

92 2340 162 2381 δὲ’
143 2356 269 2396 ερωτος
284 2346 344 2380 τοῦ
364 2341 460 2387 ξένας
479 2342 613 2390 νοήσεις
635 2342 688 2381 ἀεὶ
710 2348 814 2381 κινεῖν
827 2373 838 2390 ,
864 2343 1034 2388 πολλάκις
1056 2346 1119 2382 εἶκ-

91 2400 231 2440 πίπτων
263 2404 312 2445 εἷς
340 2401 379 2440 τὸ
406 2401 762 2455 παιδαριωδέστατον.
799 2406 844 2440 111
875 2404 1122 2454 sequentibus

94 2459 244 2511 srigidae
261 2461 447 2499 orationis
463 2462 574 2499 affert
583 2463 774 2514 exempla:
792 2476 830 2501 v.
850 2463 897 2500 fr.
922 2469 1010 2514 149,
1034 2465 1120 2502 103.

497 2567 720 2583 ψ

417 2638 735 2697 EPHORU
746 2639 802 2697 S.

152 2760 331 2811 Ephorus
348 2760 417 2811 (1),
440 2762 632 2798 Cumanus
649 2760 717 2812 (2),
738 2763 947 2802 secundum
966 2765 1122 2804 Suidam

99 2853 155 2893 qui
166 2851 287 2884 sactum
295 2851 351 2891 sit,
364 2851 402 2884 ut
413 2851 496 2884 duos
505 2854 667 2893 Lycurgos
680 2854 776 2886 aetate
788 2854 935 2888 diversos
947 2857 1124 2899 distinguat

100 2899 145 2940 (p.
161 2901 212 2938 47,
225 2899 266 2930 ci.
282 2899 384 2939 Apoll.
402 2899 439 2930 fr.
467 2900 532 2940 75)
544 2919 586 2925 —-
597 2904 644 2932 De
656 2900 801 2942 tempore
814 2911 879 2943 quo
892 2907 1028 2936 Romam
1044 2913 1121 2937 cou-

100 2946 202 2978 ditam
214 2955 283 2978 esse
294 2945 381 2978 dicat
392 2955 425 2978 v
439 2946 478 2978 fr.
494 2949 543 2978 21.

144 2993 189 3033 (¹)
212 2992 344 3025 suidas:
356 2992 508 3035 Ἔφορος,
539 2995 695 3035 Κυμαῖος
723 2995 788 3032 υἱὸς
816 2998 1011 3039 Δημοφίλου,
1038 3001 1066 3031 οἱ
1090 3001 1122 3032 δὲ

90 3038 273 3080 ’Ἂντιόχου-
302 3038 496 3082 Ἰσοκράτους
522 3040 674 3079 ἀκουστὴς
703 3053 758 3073 του
783 3043 926 3085 ῥήτορος,
956 3046 1120 3087 ἱστορικός.

102 3085 202 3127 Ἔσχε
216 3087 250 3118 δὲ
263 3086 329 3117 υἱὸν
343 3086 516 3127 Δημόφιλον
532 3088 584 3118 τὸν
597 3089 762 3131 ἱστορικόν·
786 3090 823 3129 ἦν
839 3091 871 3122 δὲ
900 3092 949 3123 ἐπὶ
966 3096 1018 3131 τῆς
1044 3093 1123 3125 ἐννα-

103 3137 217 3171 κοστῆς
232 3133 331 3176 τρίτης
344 3134 571 3174 Ὀλυμπιάδος,
589 3136 631 3171 ὡς
648 3137 700 3167 καὶ
716 3136 775 3178 πρὸ
793 3141 846 3175 τῆς
863 3138 1022 3171 Φιλίππου
1037 3140 1122 3180 βασι-

103 3179 185 3217 λείας
205 3181 281 3212 εἶναι
305 3184 359 3212 τοῦ
378 3181 566 3218 Μακεδόνος.
581 3181 737 3224 Ἔγραψεν
760 3183 822 3215 ἀπὸ
837 3188 890 3222 τῆς
906 3185 998 3216 Ἰλίου
1013 3187 1123 3228 πορθή-

104 3237 183 3262 σεως
199 3228 252 3258 καὶ
275 3230 336 3258 τῶν
351 3229 500 3270 Τρωῖκῶν
517 3229 605 3271 μέχρι
625 3231 687 3260 τῶν
706 3231 800 3261 αὑτοῦ
819 3231 938 3273 χρόνων
966 3232 1069 3272 βιὸλία
1085 3234 1120 3273 λ’,

104 3273 180 3314 Περὶ
194 3273 317 3313 ἀγαθῶν
329 3276 381 3306 καὶ
395 3278 501 3306 κακῶν
518 3275 622 3316 ptem
642 3275 700 3316 κδ’,
714 3277 900 3319 Παραδόξων
914 3281 976 3309 τῶν
995 3279 1123 3311 ἑκαστα-

105 3322 163 3360 χοῦ
181 3320 284 3360 βιὸλία
300 3320 346 3361 ιε’,
365 3322 556 3364 Εὑρημάτων
580 3323 623 3354 ὦν
639 3323 768 3366 ἕκαστος
796 3324 864 3367 εὗρε
889 3325 992 3366 βιὸλία
1009 3325 1048 3367 β’,
1071 3328 1123 3357 καὶ

105 3366 191 3397 ἄλλα
208 3371 244 3399 111
265 3368 313 3400 1115
324 3378 382 3409 pro
395 3369 524 3411 Ἔφορος
541 3369 653 3402 vitiose.
668 3371 832 3411 legebatur
847 3372 1122 3413 Ἐφιππος(01)ἰ1·

2106 175 2156 204 LV
2162 176 2190 204 11

1164 248 1261 286 filius
1274 249 1346 287 fuit
1361 258 1427 287 aut
1436 249 1659 302 Demophili
1671 258 1737 288 aut
1749 249 1944 290 Antiochi.
1960 249 2071 299 Quod
2083 250 2191 302 prius

1162 307 1276 355 posui
1303 321 1443 346 nomen
1467 317 1673 360 propterea
1697 317 1754 348 est
1779 309 2060 361 praeferendum
2086 310 2191 360 quod

1162 364 1264 402 idem
1294 367 1398 416 apud
1425 368 1671 406 Plutarchum
1693 368 1757 420 (in
1783 369 1858 406 Vit.
1887 371 2022 416 Isocr.‚
2052 369 2192 407 Moral.

1163 435 1201 472 p.
1224 424 1318 472 389,
1338 428 1384 462 A.
1401 425 1412 475 )
1431 427 1610 476 legimus,
1634 436 1749 478 atque
1778 428 1817 465 in
1853 428 1932 465 filio
1964 427 2114 479 Ephori
2145 440 2194 465 ex

1163 493 1269 518 more
1283 483 1520 532 antiquitatis
1536 487 1741 537 repetitum
1760 486 1945 525 videmus.
1959 486 2107 538 (Suidas
2119 486 2193 535 l.1.,

1166 539 1304 577 Athen.
1327 545 1395 585 VI,
1416 556 1454 592 p.
1474 544 1562 590 232,
1578 544 1652 596 D.).

1217 599 1273 636 Ad
1306 608 1453 638 aetatem
1481 604 1630 653 Ephori
1658 605 1967 643 constituendam
2006 604 2194 643 disertum

1163 659 1426 696 testimonium
1452 674 1528 697 non
1553 671 1675 700 exstat
1695 673 1837 714 praeter
1851 664 1946 702 illud
1961 663 2125 702 Suidael.
2146 664 2194 701 l.:

1163 707 1233 754 ῗἨν
1259 714 1337 753 δὲ’
1321 732 1378 754 επι
1400 719 1462 763 τῆς
1486 720 1693 768 εννακοστῆς
1722 722 1840 785 τρίτης
1865 722 2124 774 Ὀλυμπιάδος,
2149 722 2198 766 ὡς

1164 773 1223 812 καὶ
1241 774 1309 828 πρὸ
1327 778 1388 822 τῆς
1401 776 1584 815 Φιλίππου
1605 780 1781 830 βασιλείας
1797 775 1884 819 εἰναι
1902 785 1962 819 τοῦ
1974 779 2205 825 Μακεδόνος,

1165 842 1246 872 ets.
1258 848 1293 872 v.
1303 834 1548 886 Θεόπομποςε
1574 836 1730 888 Γεγονως
1747 838 1838 877 κατὰ
1856 856 1934 885 τους
1962 839 2108 893 χρόνους
2136 842 2199 885 τῆς

1167 893 1337 946 ἀναρχίας
1350 894 1540 942 Ἀθηναίων
1558 895 1616 934 ἐπὶ
1631 912 1692 943 της
1712 913 1921 945 εννακοστης
1939 899 2058 951 τρίτης
2067 898 2201 948 Ὀλυμ-

1166 951 1305 998 πιάδος,
1340 952 1398 991 ὅτε
1433 953 1494 992 καὶ
1526 953 1691 1009 Ἔφορος.
1721 960 1779 994 Ex
1810 957 1869 994 his
1899 959 2072 995 Murxins
2100 957 2202 995 eruit

1168 1012 1369 1063 Ephorum
1402 1023 1534 1052 natum
1567 1029 1648 1052 esse
1676 1016 1826 1066 Olymp.
1858 1018 1923 1066 93,
1954 1022 1989 1060 4.
2020 1016 2201 1065 Quamvis

1169 1071 1270 1108 enim
1306 1073 1486 1111 anarchia
1518 1075 1758 1112 Athenarum
1785 1076 1901 1126 vulgo
1925 1075 1973 1112 ad
1996 1076 2052 1113 Ol.
2082 1081 2147 1125 94,
2180 1088 2197 1111 1

1170 1130 1385 1183 reseratur,
1417 1133 1589 1183 potuisse
1622 1142 1747 1171 tamen
1778 1142 1908 1172 censet
1932 1133 2089 1172 Suidam
2121 1132 2203 1184 ejus

1171 1189 1323 1228 initium
1354 1205 1501 1242 ponere
1524 1193 1582 1230 Ol.
1605 1194 1671 1243 93,
1697 1199 1734 1238 4,
1766 1211 1781 1227 «
1799 1197 1898 1232 Nam
1923 1201 2094 1230 extrema
2124 1193 2204 1230 fere

1172 1249 1262 1286 anni
1283 1251 1411 1300 quarti
1435 1252 1590 1302 Olymp.
1610 1253 1660 1302 93
1683 1260 1815 1303 parte,
1837 1253 1911 1298 ait,
1935 1264 2054 1302 quum
2081 1251 2203 1288 Athe-

1172 1307 1323 1346 nienses
1339 1322 1360 1346 a
1373 1310 1574 1359 Lysandro
1589 1310 1735 1349 obsessi
1743 1310 2021 1348 Theramenem
2036 1309 2084 1346 ad
2096 1309 2205 1346 illum

1174 1367 1377 1416 misissent,
1390 1369 1500 1420 isque
1517 1378 1657 1421 quarto
1670 1370 1823 1408 demum
1840 1377 1928 1420 post
1940 1382 2070 1406 mense
2085 1368 2207 1406 Athe-

1176 1485 1263 1517 thius
1275 1485 1460 1518 historicus.
1474 1486 1589 1518 Athen.
1602 1489 1659 1525 ΙΙΙ,
1670 1494 1703 1526 p.
1722 1487 1792 1525 120,
1807 1488 1831 1517 Ε
1838 1496 1847 1525 ;
1866 1488 1962 1526 IV,p.
1979 1487 2050 1524 146,
2061 1487 2098 1525 C,
2114 1484 2206 1524 etc.),

1175 1533 1263 1573 quod
1279 1533 1418 1566 Eudocia
1430 1542 1561 1574 quoque
1577 1534 1673 1566 habet
1692 1533 1726 1565 in
1735 1533 1854 1565 Violar.
1872 1542 1903 1573 p.
1923 1534 1980 1564 164
1988 1531 2108 1564 Villois.
2126 1535 2208 1563 Proe·

1175 1580 1263 1612 terea
1282 1581 1399 1622 Ephori
1413 1590 1531 1613 nomen
1545 1582 1735 1622 corruptum
1750 1581 1908 1622 reperitur
1919 1580 1952 1611 in
1969 1579 2119 1622 Εὗφορος,
2130 1579 2210 1611 locis

1176 1629 1337 1660 sexcentis
1349 1639 1358 1666 ;
1372 1629 1406 1660 111
1419 1629 1579 1671 Εὐφορίων
1589 1637 1640 1669 ap.
1651 1628 1757 1661 schol.
1766 1627 1940 1669 Apoll.Rh.
1953 1630 1994 1666 11,
2010 1630 2080 1658 351.
2096 1626 2211 1659 simili-

1176 1676 1225 1707 ter
1243 1675 1327 1707 inter
1350 1684 1384 1707 se
1400 1675 1555 1707 confundi
1571 1675 1725 1707 videntur
1741 1675 1928 1716 Euphorion
1944 1673 2162 1706 Chalcidensis
2178 1675 2211 1705 et

1177 1722 1323 1763 Ephorus
1350 1722 1471 1763 Junior,
1496 1722 1627 1762 ignotus
1650 1722 1729 1754 alias
1750 1722 1902 1762 scriptor,
1925 1721 1966 1752 de
1989 1729 2053 1761 quo
2075 1719 2208 1752 suidas:

1177 1769 1307 1812 Ἔφορος
1323 1771 1464 1811 Κυμαῖος
1474 1794 1483 1810 ,
1502 1769 1660 1812 ἱστορικὸς
1670 1793 1680 1809 ,
1696 1770 1713 1800 ὁ
1730 1769 1894 1811 νεώτερος·
1910 1768 2025 1810 ἔγραψε
2041 1767 2073 1799 δὲ
2088 1767 2142 1804 τὰς
2157 1768 2211 1799 Γα-

1177 1816 1282 1854 λιήνυυ
1304 1817 1335 1848 ἐν
1360 1816 1487 1858 βιὸλίοις
1503 1816 1559 1856 κζ’,
1580 1816 1782 1859 Κορινθιακὰ,
1802 1817 1870 1858 περὶ
1887 1818 1949 1846 τῶν
1960 1814 2141 1853 Ἀλευαδῶν,
2156 1813 2210 1845 καὶ

1177 1863 1265 1895 ἄλλα.
1285 1864 1380 1904 Apud
1400 1864 1556 1896 clement.
1587 1863 1675 1897 Alex.
1703 1866 1820 1896 strom.
1837 1867 1870 1902 l,
1883 1872 1915 1904 p.
1944 1863 2005 1894 389
2033 1862 2154 1893 Potter.
2170 1869 2210 1892 ex

1178 1911 1380 1952 Euphorione
1402 1912 1433 1943 ἐν
1456 1914 1501 1953 τῷ
1522 1912 1592 1954 περὶ
1619 1912 1788 1943 Ἀλευαδῶν
1815 1915 1976 1944 Homerus
1988 1909 2108 1941 dicitur
2132 1909 2212 1940 κατὰ

1179 1959 1279 1999 Γύγην
1291 1959 1461 1999 γεγονέναι,
1475 1960 1508 1996 ὃς
1526 1959 1700 2000 βασιλεύειν
1716 1960 1827 2001 ἤρξατο
1840 1958 1902 1991 ἀπὸ
1914 1963 1968 1998 τῆς
1986 1956 2212 1990 ὀκτωκαιδεκά·

1179 2017 1231 2044 της
1248 2006 1466 2046 Ὀλυμπιάδος.
1482 2005 1756 2038 verisimillimum
1771 2008 1821 2038 est
1844 2015 1947 2038 unum
1961 2006 2163 2044 eundemque
2179 2004 2212 2036 li·

1178 2052 1274 2084 hrum
1297 2061 1316 2084 a
1341 2053 1440 2085 suida
1452 2054 1484 2085 et
1497 2053 1662 2086 Clemente
1685 2053 1824 2094 laudari,
1848 2062 1942 2094 cujus
1966 2055 2076 2086 autem
2101 2051 2211 2084 fuerit-

1180 2101 1290 2131 utrum
1306 2100 1520 2140 Euphorionis
1531 2109 1572 2132 an
1586 2101 1703 2142 Ephori
1713 2101 1863 2142 Junioris‚
1884 2101 1972 2133 haud
1985 2101 2097 2141 liquet.
2114 2104 2160 2132 Ne
2173 2099 2214 2133 de

1179 2149 1293 2178 Nostro
1306 2147 1427 2187 cogites
1439 2146 1597 2188 impedire
1609 2147 1739 2180 videtur
1752 2147 1941 2189 Hieronym.
1955 2149 2073 2181 chron.
2090 2157 2122 2189 p.
2141 2150 2212 2188 106,

1179 2194 1236 2226 ubi
1248 2195 1395 2235 Ephorus
1420 2195 1454 2226 in
1478 2195 1592 2227 eadem
1616 2204 1651 2227 re
1675 2204 1752 2227 cum
1773 2195 1968 2236 Apollodoro
1994 2194 2210 2236 componitur.

1179 2241 1285 2274 Verba
1297 2243 1373 2274 suut
1387 2251 1394 2272 ε
1408 2244 1453 2274 In
1468 2242 1586 2274 latina
1601 2242 1748 2274 historia
1761 2242 1808 2274 ad
1832 2242 1974 2275 verbum
1986 2242 2061 2275 hoec
2083 2242 2213 2281 scripta

1180 2290 1373 2321 invenimus
1386 2298 1398 2319 .·
1411 2290 1567 2330 Ayrippa
1583 2289 1679 2331 apud
1696 2291 1838 2322 Latinos
1851 2291 2024 2330 reynante
2040 2291 2212 2320 Homerus

1179 2337 1217 2367 in
1245 2337 1380 2368 Groecz'a
1398 2336 1544 2373 claruit,
1561 2338 1602 2368 ut
1616 2338 1769 2368 testatur
1785 2335 2016 2376 Apollodorus
2038 2342 2213 2375 aramma-

1183 2384 1268 2414 ficus
1281 2384 1316 2414 et
1336 2383 1545 2423 Euphorbus
1562 2383 1762 2423 historicus;
1786 2385 1869 2415 ante
1889 2383 2011 2414 urbem
2037 2381 2212 2414 conditam

1182 2431 1284 2461 annis
1294 2431 1409 2462 CXXI
1410 2431 1428 2462 I
1429 2431 1486 2470 ,et‚
1495 2432 1537 2463 ut
1544 2431 1724 2463 Cornelius
1733 2432 1844 2471 Nepos
1855 2429 2211 2469 ‹litante-Olympiam

1176 2478 1335 2516 primam
1347 2479 1451 2509 annis
1472 2479 1505 2510 G.
1515 2501 1525 2517 ,
1538 2478 1582 2509 Ut
1599 2477 1685 2509 enim
1699 2477 1827 2509 numeri
1850 2476 1994 2517 corrupti
2006 2477 2095 2515 sunt,
2108 2483 2212 2516 neque

1181 2524 1388 2556 consentiunt
1397 2533 1471 2556 cum
1486 2524 1670 2565 Apollodori
1677 2525 1801 2556 calculo
1811 2523 1939 2556 aliunde
1947 2525 2024 2554 noto
2033 2546 2042 2562 ,
2054 2522 2101 2554 sio
2113 2522 2210 2554 etiam

1182 2573 1389 2614 Euphorbum
1401 2573 1494 2605 illum
1508 2583 1571 2605 non
1579 2574 1677 2606 alium
1690 2583 1756 2606 esse
1775 2583 1812 2605 ac
1832 2573 1993 2614 Ephorum
2005 2571 2212 2612 probabiliter

1182 2622 1298 2653 statuit
1323 2622 1472 2662 Scaliger,
1487 2622 1609 2654 Marxio
1632 2622 1837 2662 suffragante.
1865 2620 1952 2652 Idem
1969 2619 2111 2651 Marxius
2124 2618 2209 2659 apud

1182 2669 1302 2701 Theon.
1327 2673 1498 2710 Progymn.
1514 2679 1545 2710 p.
1567 2672 1602 2702 17
1626 2669 1688 2709 (Τὸ
1703 2673 1776 2710 γοῦν
1793 2668 1966 2699 Κυλώνειον
1993 2666 2067 2706 ἄγος
2097 2667 2211 2707 μᾶλλον

1182 2720 1236 2748 τοῦ
1264 2717 1430 2759 Ἡροδότου
1457 2718 1510 2748 καὶ
1537 2717 1690 2759 Εὔφρονος
1722 2714 1909 2757 ἐξειργάσθαι
1932 2713 2125 2754 Θουκυδίδῃ)
2150 2723 2209 2755 pro

1182 2764 1336 2807 Εὔφρονος
1349 2764 1457 2804 reponi
1467 2764 1558 2804 jubet
1572 2763 1712 2805 Ἐφόρου.
1724 2762 1817 2802 Quod
1830 2770 1905 2792 vero
1912 2760 2063 2792 siebelis·
2054 2769 2088 2792 111
2100 2761 2207 2793 schol.

1185 2811 1343 2853 Aristoph.
1359 2815 1416 2843 Av.
1438 2814 1498 2843 998
1515 2811 1583 2851 (ubi
1601 2810 1641 2841 de
1659 2812 1806 2841 Metone:
1824 2806 1989 2849 Εὐφρόνιος
2002 2808 2034 2839 δὲ
2050 2807 2151 2849 (φησὶ)
2162 2808 2209 2840 ὅτι

1181 2861 1243 2889 τῶν
1265 2859 1403 2900 δήμων
1385 2871 1423 2899 ην
1438 2860 1473 2890 ἐκ
1487 2862 1541 2891 τοῦ
1568 2857 1726 2896 Κολωνοῦ)
1741 2855 1925 2896 Euphronio
1946 2854 2143 2887 substituere
2155 2864 2208 2887 V0¹

1182 2906 1242 2938 luit
1264 2906 1445 2947 Ephorum,
1462 2904 1710 2946 improbandum
1725 2903 1794 2942 est,
1809 2911 1910 2943 quum
1932 2902 1986 2934 ille
2004 2902 2208 2943 Euphronius

1181 2953 1409 2993 grammaticus
1423 2953 1464 2984 sit
1477 2953 1595 2992 saepius
1608 2950 1692 2991 apud
1707 2949 1845 2981 eundem
1861 2948 1967 2981 schol.
1984 2949 2143 2981 laudatus.

1224 2999 1269 3039 (2)
1285 2999 1397 3032 Strabo
1409 3002 1491 3037 XIII,
1506 3007 1537 3038 p.
1554 2999 1613 3029 924
1625 2996 1705 3028 Alm.
1718 2996 1820 3038 εἈνὴρ
1833 2995 1859 3026 δ’
1868 2995 1948 3032 ἄξιος
1959 2996 2078 3037 μνήμης
2093 2996 2128 3028 ἐκ
2136 2999 2212 3035 τῆσ·

1181 3046 1212 3076 δε
1231 3050 1284 3084 τῆς
1310 3046 1428 3081 πόλεως
1452 3045 1670 3079 ἀναντιλέκτως
1685 3043 1767 3074 ἐστὶν
1781 3042 1911 3085 Ἔφορος
1934 3045 1996 3074 τῶν
2014 3043 2209 3085 Ἰσοκράτους

1180 3093 1342 3134 γνωρίμων
1363 3095 1418 3123 τοῦ
1449 3091 1592 3132 ῥήτορος,
1615 3091 1631 3120 ὁ
1654 3091 1709 3127 τὴν
1730 3089 1866 3132 ἱστορίαν
1889 3089 2067 3131 συγγράψας
2089 3092 2143 3122 καὶ
2169 3091 2208 3123 τὰ

1180 3142 1250 3181 περὶ
1265 3142 1327 3169 τῶν
1342 3137 1531 3179 εὑρημάτων.
1602 3137 1781 3168 Σκώπτεται
1804 3137 1837 3168 δὲ
1853 3137 1906 3168 καὶ
1922 3138 1939 3168 ὁ
1959 3137 2088 3180 Ἔφορος
2099 3162 2108 3178 ,
2130 3137 2209 3173 διότι

1181 3190 1234 3224 τῆς
1251 3185 1393 3227 πατρίδος
1408 3185 1465 3215 οὐκ
1484 3184 1565 3224 ἔχων
1579 3184 1653 3226 ἔργα
1677 3183 1794 3226 φράζειν
1815 3184 1846 3215 ἐν
1870 3187 1908 3224 τῇ
1930 3184 2123 3226 διαριθμήσει
2146 3188 2208 3216 τῶν

1180 3234 1280 3264 ἀλλων
1299 3231 1448 3273 πράξεων,
1465 3231 1502 3262 οὐ
1532 3232 1591 3271 μὴν
1613 3231 1677 3262 οὐδ’
1698 3231 1735 3262 ἂν
1755 3230 1985 3272 ἀμνημόνευτον
2012 3232 2107 3270 αὐτὴν
2130 3232 2207 3264 εἶναι

1181 3280 1287 3318 θέλων,
1305 3279 1402 3315 οὕτως
1426 3279 1581 3319 ἐπιφωνεῖ·
1612 3279 1701 3310 Κατὰ
1727 3279 1760 3311 δὲ
1789 3278 1841 3310 τὸν
1868 3279 1975 3321 καιρὸν
2003 3281 2138 3320 Κυμαῖοι
2154 3280 2208 3316 τὰς

1180 3324 1312 3365 ἡσυχίας
1336 3325 1422 3365 ἦγον.
1442 3325 1487 3357 Cf.
1506 3329 1574 3365 XII,
1592 3334 1623 3366 p.
1636 3325 1834 3366 826‚steph.
1855 3329 1927 3365 Byz.
1956 3334 1986 3356 V.
2007 3326 2112 3366 Κύμη,
2137 3329 2206 3357 Μο-

1177 3372 1325 3412 schopul.
1342 3372 1380 3403 ad
1395 3376 1469 3404 Hes.
1485 3376 1566 3414 opp.
1582 3374 1614 3405 et
1627 3377 1662 3404 D.
1680 3382 1710 3414 p.
1729 3375 1785 3405 142
1804 3372 1913 3404 Heins.
