2320 3684
127 189 202 222 248

123 235 274 322 Ἔφορος
287 267 481 318 Πελασγῶν
501 263 642 319 ἵδρυμα.
660 265 706 303 Οἱ
726 262 762 302 δὲ
781 262 960 313 Πελασγοὶ
979 264 1049 300 τῶν
1065 260 1145 315 περὶ

122 326 185 374 τὴν
215 326 371 366 Ἑλλάδα
400 322 702 363 δυναστευσάντων
721 318 947 374 ἀρχαιότατοι
972 319 1144 370 λέγονται·

123 385 181 423 καὶ
199 388 217 423 ὁ
233 383 379 431 ποιητής
392 398 496 436 φησιν
513 380 603 420 οὕτω
615 380 674 432 (11.
693 381 743 427 Π,
759 380 861 426 233)·
882 380 950 417 Ζεῦ
986 376 1052 415 ἄνα
1070 379 1147 416 Δω-

124 444 247 480 δωναῖε
284 439 484 491 Πελασγικέ
608 438 653 477 ‘O
696 436 732 475 δὲ
758 436 936 479 εΗσίοδος·
971 435 1145 483 Δωδώνην

124 499 232 555 φηγόν
249 517 286 539 τε
303 501 498 549 Πελασγῶν
518 496 657 550 ἕδρανον
671 491 767 543 ἧκεν.

178 559 315 596 Strabo
336 561 381 605 V,
401 571 438 608 p.
462 558 534 602 337
552 571 559 592 :
579 553 672 597 Τοὺς
696 553 732 591 δὲ
759 551 980 605 Πελασγοὺς,
1001 551 1053 590 ὅτι
1083 550 1145 603 μὲν

124 615 268 670 ἀρχαῖόν
283 631 317 653 τι
334 616 439 666 φῦλον
457 611 548 651 κατὰ
574 611 637 658 τὴν
657 610 816 650 Ἑλλάδα
835 616 951 648 πᾶσαν
971 608 1147 648 ἐπεπόλα-

123 691 162 713 σε
174 706 183 723 ,
203 674 262 712 καὶ
278 673 432 724 μάλιστα
446 670 543 724 παρὰ
558 677 628 714 τοῖς
645 671 811 710 Αἰολεῦσι
826 675 896 713 τοῖς
909 668 999 707 κατὰ
1012 670 1150 708 Θεττα-

122 733 212 780 λίαν,
225 733 450 782 ὁμολογοῦσιν
466 730 614 773 ἅπαντες
628 727 750 778 σχεδόν
765 744 810 767 τι·
826 727 976 775 νομίζειν
991 727 1028 765 δέ
1043 743 1146 777 φησιν

122 789 292 844 ’Έφορος,
311 789 351 827 τὸ
371 787 535 827 ἀνέκαθεν
557 787 725 842 Ἀρκάδας
750 787 850 830 ὄντας
874 785 1011 824 ἑλέσθαι
1036 801 1146 839 στρα-

122 848 282 887 τιωτικὸν
299 847 386 900 βίον,
407 849 454 890 εἷς
468 845 505 884 δὲ
522 845 585 893 τὴν
606 844 713 893 αὐτὴν
733 844 872 897 ἀγωγὴν
892 843 1148 898 προτρέποντας

121 906 288 955 πολλοὺς,
303 906 413 944 ἅπασι
429 909 489 944 τοῦ
507 903 673 956 ὀνόματος
691 904 918 955 μεταδοῦναι,
937 902 995 941 καὶ
1012 901 1145 949 πολλὴν

122 965 323 1019 ἐπιφάνειαν
344 963 560 1012 κτήσασθαι,
589 963 648 1001 καὶ
677 961 774 1016 παρὰ
797 967 868 1005 τοῖς
886 961 1065 1009 εΈλλησι,
1088 959 1146 998 καὶ

122 1023 218 1077 παρὰ
234 1029 304 1067 τοῖς
321 1022 456 1071 ἄλλοις,
478 1022 560 1075 παρ’
577 1020 676 1066 ὅσους
696 1019 780 1059 ποτὲ
800 1019 984 1074 ἀφιγμένοι
1001 1018 1148 1071 τετυχή-

121 1098 215 1123 κασι.
236 1103 461 1112 ----
481 1082 544 1133 Τῷ
565 1080 600 1132 γ’
618 1079 758 1133 Ἐφόρῳ
775 1083 834 1117 τοῦ
852 1078 886 1123 ἐξ
900 1077 1080 1131 Ἀρκαδίας
1103 1071 1151 1115 ε’ἷ-

121 1140 225 1178 ναιτὸ
236 1142 342 1194 φῦλον
350 1142 452 1178 τοῦτο
467 1132 566 1192 ἧρξεν
579 1138 749 1181 Ἡσίοδος·
760 1137 845 1191 φησὶ
864 1135 943 1190 γὰρ,
961 1137 1054 1179 Υἳεῖς
1074 1134 1148 1179 ἐξε-

121 1197 261 1249 γένοντο
275 1197 455 1241 Λυκάονος
470 1195 651 1244 ἀντιθέοιο,
661 1195 731 1235 c‘Oia
743 1211 827 1233 ποτε
842 1194 937 1232 τίκτε
956 1191 1147 1244 Πελασγός.

122 1257 193 1295 Καὶ
210 1255 273 1303 τὴν
293 1253 560 1302 Πελοπόννησον
582 1254 617 1292 δὲ
643 1254 843 1307 Πελασγίαν
871 1252 975 1307 φησὶν
997 1251 1150 1306 Ἔφορος

121 1317 307 1363 κληθῆναι.

174 1375 298 1412 Schol.
331 1373 379 1411 ad
408 1374 567 1423 Dionys,
584 1373 730 1422 Perieg.
755 1372 843 1417 348.
865 1371 925 1422 (in
941 1370 1148 1409 Viennensi

121 1433 288 1471 editione
312 1436 451 1483 Geogr.
479 1433 573 1470 Min.
607 1440 632 1469 t.
662 1435 713 1479 II,
745 1445 783 1482 p.
814 1430 918 1481 466.)
934 1446 941 1467 :
959 1427 1146 1475 Κυλλήνη-

122 1493 194 1541 θεν]
223 1490 403 1539 Κυλλήνη,
424 1489 499 1543 ὄρος
517 1489 710 1542 Ἀρκαδίας.
734 1488 899 1542 Ἀρκάδες
926 1486 963 1526 δὲ
983 1486 1146 1526 ἀνέκαθεν

121 1549 321 1601 Πελασγοὶ,
340 1548 388 1593 ὥς
407 1564 512 1602 φησιν
531 1547 696 1602 ’Έφοροᾳ

601 1607 663 1643 55.

279 1669 466 1717 Scymnus
486 1665 602 1703 Chius
617 1679 656 1703 v.
672 1665 761 1714 469.

203 1735 293 1774 Ἑξῆς
315 1734 459 1775 διεξίεμεν
473 1734 506 1765 δὲ
519 1732 610 1765 πάλιν
624 1734 679 1771 τὴν
693 1731 836 1764 Ἑλλάδα.

203 1784 275 1814 Ἐπὶ
289 1782 462 1824 κεφαλαίων
475 1782 544 1818 τούς
558 1792 591 1812 τε
605 1781 673 1823 περὶ
688 1781 782 1818 αὐτὴν
796 1780 908 1816 τόπους

204 1831 329 1866 ἐθνικῶς
347 1831 483 1866 ἅπαντας
505 1829 574 1860 κατ’
588 1828 718 1870 Ἔφορον
735 1828 925 1868 δηλώσομεν.

122 1918 137 1934 «
153 1901 356 1938 Profitetur
371 1899 486 1949 igitur
501 1899 564 1935 hic
585 1897 735 1935 disertis
755 1896 904 1944 verbis,
933 1896 1037 1947 quod
1060 1909 1146 1934 eum

123 1961 256 1998 fecisse
270 1960 315 1997 in
331 1959 503 2009 reliquis,
521 1958 683 1995 aliorum
709 1957 881 1994 locorum
908 1958 1146 2007 comparatio

123 2018 299 2056 ostendit.
330 2021 379 2055 Et
407 2024 534 2068 potest
564 2015 717 2065 Scymni
759 2015 912 2052 libellus
943 2015 1146 2052 maximam

123 2085 270 2128 partem
291 2090 361 2125 pro
380 2076 590 2124 compendio
608 2073 777 2110 uberioris
813 2074 949 2121 Ephori
984 2075 1146 2123 Geogra—

120 2137 238 2186 phioe,
260 2134 471 2186 praesertim
487 2134 527 2171 in
547 2133 700 2170 Graeciae
711 2132 984 2182 descriptione,
1000 2131 1147 2180 haberi3

124 2207 239 2245 quem
256 2193 392 2230 ducem
409 2191 546 2229 nullibi
567 2191 779 2228 deseruisse
796 2190 960 2238 videtur,
981 2190 1053 2227 nisi
1071 2204 1148 2240 quo

123 2307 206 2339 quos
223 2297 308 2328 sama
324 2296 385 2327 sert
400 2303 524 2333 eorum,
541 2294 641 2335 quiin
653 2294 777 2326 Graecia
787 2293 943 2325 dominati
954 2293 1031 2332 sint,
1049 2293 1148 2326 fuisse

125 2343 378 2385 antiquissimos.
397 2343 528 2373 Homeri
546 2344 594 2373 est
609 2341 692 2372 hoc:

331 2405 501 2443 Dodonaee,
518 2405 673 2444 Pelasgice
687 2406 702 2433 J
707 2404 840 2444 uppiter.

126 2458 289 2492 Hesiodus
302 2460 408 2489 autem
423 2457 469 2488 sic
482 2466 490 2487 ι

166 2511 349 2549 Dodonam,
364 2510 542 2549 sagumque,
558 2509 756 2548 Pelasgorum
771 2515 878 2547 utpote
894 2508 993 2548 sedes,
1007 2509 1106 2547 petiit.

125 2566 276 2597 Ceterum
303 2564 451 2603 Pelasgos
467 2563 635 2603 antiquam
652 2566 777 2603 gentem
794 2571 849 2603 per
865 2563 1048 2594 universam
1065 2565 1151 2594 Grae-

129 2613 210 2644 ciam
228 2612 402 2652 exstitisse,
421 2620 457 2643 ac
473 2611 615 2642 maxime
632 2611 715 2642 inter
729 2611 835 2643 AEoles
846 2611 1020 2643 Thessaliae
1030 2611 1152 2642 incolas

128 2660 260 2698 claram,
279 2658 363 2700 apud
379 2667 492 2690 omnes
512 2658 577 2689 fere
591 2657 624 2688 in
640 2658 789 2689 confesso
804 2659 864 2689 est.
883 2658 1030 2698 Ephorus
1043 2657 1098 2696 ait,
1116 2666 1150 2689 se

129 2703 280 2738 arbitrari
296 2715 350 2737 eos
361 2729 369 2744 ,
383 2713 485 2745 quum
504 2713 522 2736 a
538 2704 641 2745 prima
657 2704 756 2745 stirpe
770 2704 908 2736 Arcades
928 2706 1053 2743 essent,
1071 2704 1150 2735 mili-

125 2753 228 2784 tarem
246 2752 411 2793 amplexos
433 2752 534 2783 vitam
551 2762 560 2790 ;
578 2751 655 2782 etin
671 2750 770 2782 studii
794 2750 863 2790 ejus
879 2750 1083 2790 nominisque
1103 2759 1151 2781 so-

126 2798 272 2831 cietatem
290 2798 399 2830 multis
412 2797 587 2839 perductis,
601 2806 756 2837 magnum
772 2797 832 2829 sibi
843 2805 958 2828 nomen
976 2805 1048 2828 cum
1066 2796 1150 2837 apud

129 2847 260 2877 Graecos
276 2854 416 2886 parasse,
439 2846 510 2876 tum
524 2844 609 2886 apud
622 2844 702 2875 alios
718 2844 756 2875 ad
773 2852 854 2884 quos
875 2844 1151 2884 pervenissent-—

125 2892 272 2932 Ephoro,
286 2893 323 2924 ut
338 2891 487 2932 Pelasgos
504 2900 543 2923 ex
559 2889 695 2923 Arcadia
715 2899 787 2923 esse
805 2890 944 2929 diceret,
960 2891 1073 2922 auctor
1090 2889 1152 2922 fuit

129 2938 300 2970 Hesiodus.
320 2938 373 2970 Ait
388 2939 474 2970 enim
491 2938 586 2978 poeta
600 2947 608 2969 ε

707 2985 849 3023 Lycaone
864 2990 953 3014 natos
963 3006 972 3022 ,

207 3041 297 3070 quem
313 3031 469 3070 quondam
486 3030 584 3060 fertur
599 3032 698 3060 Clarus
714 3033 857 3070 geIJUIsse
875 3032 1036 3070 PRIaSgus.

125 3082 187 3114 Sed
210 3083 243 3114 et
272 3082 529 3122 Peloponnesum
555 3083 655 3114 fuisse
678 3083 854 3123 Pelasgiam
886 3084 1033 3115 vocatam
1048 3081 1152 3122 Epho-

126 3126 180 3158 'rus
194 3127 315 3158 scribit.
526 3125 541 3155 ἱ

171 3173 304 3213 Cyllene
319 3181 411 3204 mons
426 3174 580 3213 Arcadiae,
597 3175 734 3207 Arcades
747 3185 824 3208 vero
839 3184 858 3208 a
871 3177 974 3217 prima
987 3176 1086 3217 stirpe
1100 3177 1154 3207 Pe-

129 3220 208 3260 lasgi
224 3221 325 3255 erant,
340 3222 376 3251 ut
390 3220 469 3252 dicit
485 3222 644 3261 Ephorus.

170 3327 292 3361 Deinde
314 3331 421 3360 autem
441 3331 706 3369 pertransibimus
721 3341 832 3364 rursus
843 3333 1012 3364 Graeciam.
1035 3335 1072 3365 In
1098 3332 1153 3364 illa

130 3375 317 3408 summatim
338 3376 407 3407 loca
422 3385 477 3416 per
496 3378 603 3416 gentes
617 3379 725 3410 omnia
738 3388 777 3410 ex
795 3381 922 3421 Ephoro
934 3380 1151 3412 ostendemus.

909 176 1102 217 EPHORI
1128 174 1459 216 FRAGMENTA.

1204 263 1364 302 aliorum
1382 273 1594 312 auctorum,
1612 263 1812 311 Herodoti,
1836 263 1979 311 Timaei,
1997 264 2220 303 Eratosthe-

1204 321 1276 369 nis,
1294 324 1492 371 Demetrii,
1513 335 1731 374 expressam
1752 322 1980 360 mentionem
2007 323 2109 363 facit.
2130 326 2223 372 Quae

1204 380 1420 420 observatio
1436 383 1526 420 item
1545 382 1644 420 cadit
1662 382 1702 419 in
1721 381 1874 430 Scymni
1898 381 2148 431 fragmentum
2174 381 2223 420 ab

1205 439 1402 478 Holstenio
1416 442 1582 492 primum
1598 439 1743 491 publici
1753 439 1850 490 juris
1870 439 2047 477 sactum.»
2065 442 2196 477 Marx.

1684 506 1746 542 56.

1258 569 1395 609 Strabo
1409 573 1512 616 VIII,
1527 583 1565 620 p.
1583 567 1837 621 514εἜφορος
1854 564 1915 617 μὲν
1933 561 1991 604 οἶν
2009 565 2121 620 ἀρχὴν
2138 560 2226 605 εἶναι

1205 631 1267 676 τῆς
1283 628 1455 671 Ἱῖλλάδος
1473 627 1536 674 τὴν
1554 626 1778 679 Ἀκαρνανίαν
1807 625 1910 679 φησὶν
1938 625 2006 663 ἀπὸ
2022 627 2091 663 τῶν
2119 627 2227 664 ἑσπε-

1208 686 1289 739 ρίων
1323 688 1450 739 μερῶψ
1485 684 1615 732 ταύτην
1653 684 1720 737 γὰρ
1755 683 1940 722 συνάπτειν
1978 681 2120 736 πρώτην
2155 689 2227 726 τοῖς

1209 745 1474 796 Ἧπειρωτικοῖς
1494 742 1637 791 ἔθνεσιν,
1655 745 1698 794 τῇ
1719 741 1875 795 παραλίᾳ
1893 740 2072 794 χρώμενος
2091 739 2226 795 μέτρῳ,

1207 800 1415 854 ἡγεμονικόν
1435 818 1470 840 τι
1485 800 1548 849 τὴν
1568 801 1742 840 θάλατταν
1767 799 1893 854 κρίνων
1919 799 2005 853 πρὸς
2029 799 2091 844 τὰς
2117 815 2228 838 τοπο-

1205 860 1364 914 γραφίας.
1684 912 1731 950 5-

1715 923 1730 950 Ι
1738 942 1745 949 .

1261 972 1399 1011 Strabo
1411 975 1463 1020 X,
1484 985 1524 1023 p.
1539 971 1637 1021 695:
1658 970 1702 1009 ‘0
1722 970 1758 1008 δὲ
1777 969 1841 1017 τὴν
1862 969 2122 1022 Ἀλκμαιωνίδα
2138 970 2230 1024 γρά-

1208 1032 1296 1083 ψας,
1313 1029 1476 1083 Ἰκαρίου,
1497 1032 1558 1067 τοῦ
1579 1027 1787 1076 Πηνελόπης
1806 1028 2049 1082 πατρὸς,υἱεῖς
2069 1027 2230 1079 γενέσθαι

1210 1088 1287 1137 δύο,
1312 1087 1454 1133 Ἀλυζέα
1486 1087 1546 1125 καὶ
1582 1087 1792 1126 Λευκάδιον·
1825 1088 2052 1125 δυναστεῦσαι
2080 1087 2109 1124 δ’
2127 1088 2162 1124 ἐν
2185 1088 2230 1139 τῇ

1209 1146 1418 1200 Ἀκαρνανίᾳ
1453 1145 1595 1189 τούτους
1628 1144 1717 1196 μετὰ
1743 1148 1803 1183 τοῦ
1835 1144 1982 1198 πατρός·
2015 1144 2146 1183 τούτων
2171 1139 2230 1183 οῧν

1208 1203 1412 1255 ἐπωνύμους
1426 1202 1487 1247 τὰς
1503 1202 1620 1246 πόλεις
1637 1201 1776 1257 Ἐφόρῳ
1796 1203 1914 1253 (vulg.
1938 1199 2104 1256 Ἔφορος)
2127 1201 2232 1254 λέγε-

1208 1266 1288 1302 σθαι
1307 1264 1411 1301 δοκεῖ.

1689 1315 1752 1354 58.

1262 1368 1497 1420 Stephanus:
1514 1366 1661 1416 Νοστία,
1675 1367 1779 1418 κώμη
1790 1366 1971 1421 Ἀρκαδίας
2032 1365 2184 1421 Ἔφορος
2193 1367 2234 1406 τὸ

1207 1427 1338 1465 ἐθνικὸν
1359 1425 1549 1468 Νεστάνιος
1586 1425 1672 1479 ἔφη,
1696 1425 1787 1464 ὥστε
1813 1426 1890 1464 κατ’
1918 1425 2020 1463 αὐτὸν
2056 1425 2234 1465 Νεστανία

1206 1484 1387 1536 λέγεσθαι·
1418 1488 1441 1532 ἡ
1474 1484 1562 1532 αὐτὴ
1593 1484 1661 1539 γὰρ
1688 1487 1734 1537 τῇ
1758 1483 1935 1538 προτέρᾳ,
1969 1485 2016 1527 ὣς
2061 1484 2165 1532 δῆλον
2195 1483 2232 1529 ἐξ

1206 1544 1335 1583 ἄλλων.

1261 1656 1397 1696 Strabo
1421 1658 1534 1704 VIII,
1567 1669 1605 1706 p.
1626 1656 1715 1703 574,
1737 1657 1783 1694 de
1814 1655 1937 1693 insula
1955 1655 2130 1694 Calauria
2146 1664 2233 1694 ante

1206 1718 1424 1752 Troezenem
1445 1728 1454 1751 :
1474 1714 1648 1752 Ἐνταῦθα
1672 1708 1714 1760 ἦν
1736 1714 1862 1752 ἄσυλον
1886 1714 2103 1756 Ποσειδῶνος
2121 1713 2210 1767 ἱερόν
2223 1729 2232 1738 ·

1208 1773 1269 1811 καί
1287 1788 1372 1826 φασι
1390 1771 1449 1811 τὸν
1465 1772 1539 1810 θεὸν
1555 1775 1676 1810 τοῦτον
1695 1771 1911 1817 ἀλλάξασθαι
1937 1771 2021 1825 πρὸς
2041 1770 2104 1822 μὲν
2126 1771 2233 1819 Λητὼ

1207 1830 1270 1878 τὴν
1290 1830 1509 1884 Καλαύρειαν
1529 1830 1711 1869 ἀντιδόντα
1727 1832 1841 1877 Δῆλον
1852 1846 1860 1854 ·
1878 1829 1964 1883 πρὸς
1980 1829 2182 1869 Ἀπόλλωνα
2195 1830 2232 1869 δὲ

1209 1890 1384 1943 Ταίναρον
1406 1888 1589 1928 ἀντιδόντα
1608 1888 1728 1928 Πυθώ.
1745 1889 1897 1943 Ἔφορος
1916 1889 1952 1927 δὲ
1974 1888 2033 1927 καὶ
2059 1889 2118 1928 τὸν
2138 1905 2231 1943 χρη-

1209 1948 1296 1999 σμὸν
1313 1947 1426 2000 λέγει·

1289 2022 1373 2055 Ἶσόν
1386 2034 1434 2055 τοι
1449 2022 1548 2060 Δῆλόν
1562 2033 1596 2055 τε
1610 2022 1800 2065 Καλαύρειάν
1813 2034 1848 2055 τε
1863 2023 2021 2064 νέμεσθαι,

1288 2070 1384 2102 Πυθώ
1399 2071 1425 2101 τ’
1439 2070 1584 2110 ἠγαθέην,
1599 2071 1652 2101 καὶ
1667 2070 1818 2112 Ταίναρον
1832 2069 2012 2110 ἠνεμόεντα.

1208 2132 1265 2171 Cf.
1282 2133 1501 2171 Eustathius
1514 2133 1562 2170 ad
1579 2135 1738 2184 Dionys.
1752 2134 1898 2184 Perieg.
1926 2147 1982 2171 vs.
2008 2138 2098 2184 4129,
2129 2135 2230 2171 Pau—

1209 2205 1286 2228 san.
1305 2195 1355 2239 Π,
1371 2193 1432 2229 33.

1688 2304 1750 2336 56.

1249 2360 1382 2392 Initium
1400 2361 1535 2393 Graeciae
1557 2361 1599 2392 ob
1618 2361 1762 2393 occiduis
1783 2361 1929 2402 partibus
1952 2361 2120 2392 constituit
2139 2363 2230 2391 Acar—

1207 2407 1341 2438 naniam
1352 2408 1513 2448 Ephorus,
1529 2416 1602 2449 quae
1613 2408 1715 2448 prima
1731 2408 1909 2448 Epiroticas
1925 2407 2060 2447 attingat
2075 2407 2231 2444 nationes,

1206 2462 1295 2484 oram
1314 2454 1506 2486 maritimam
1520 2463 1578 2495 pro
1608 2463 1760 2486 mensura
1775 2463 1947 2494 usurpans,
1964 2453 2050 2494 quod
2069 2452 2234 2485 existimat

1207 2500 1247 2532 ad
1258 2500 1403 2545 locorum
1421 2501 1668 2542 descriptionem
1691 2501 1868 2542 principem
1884 2509 1955 2532 esse
1970 2499 2068 2531 maris
2089 2508 2230 2539 operam.

1688 2562 1749 2594 57.

1249 2619 1282 2648 Is
1298 2626 1374 2649 vero
1390 2619 1446 2658 qui
1465 2618 1714 2650 Alcmaeonidem
1741 2618 1930 2660 conscripsit
1942 2642 1951 2657 ,
1967 2617 2060 2650 Icarii
2083 2617 2185 2658 (pater
2205 2617 2232 2649 is

1209 2664 1377 2704 Penelopae
1393 2664 1466 2705 fuit)
1483 2665 1566 2697 filios
1579 2666 1662 2697 duos
1686 2665 1784 2697 tradit
1797 2666 1896 2697 fuisse
1909 2689 1918 2704 ,
1931 2665 2084 2706 Alyzeum
2099 2666 2132 2696 et
2151 2665 2232 2695 Leu-

1207 2710 1348 2750 cadium,
1367 2712 1424 2751 qui
1437 2712 1470 2743 in
1487 2712 1666 2744 Acarnania
1679 2721 1754 2744 cum
1770 2715 1859 2754 patre
1873 2711 2100 2753 imperaverint
2117 2721 2124 2742 :
2146 2709 2232 2742 unde

1207 2757 1355 2797 Ephorus
1370 2757 1465 2790 urbes
1479 2759 1595 2790 horum
1613 2759 1820 2798 cognomines
1835 2761 1954 2791 censet.

1689 2819 1751 2850 58.

1250 2874 1372 2911 Nostia,
1388 2874 1480 2906 vicus
1498 2874 1652 2906 Arcadiae.
1722 2875 1872 2915 Ephorus
1888 2874 2004 2915 gentile
2027 2873 2109 2906 dixit
2121 2874 2231 2905 Nesta-

1208 2918 1281 2950 nius
1297 2941 1305 2957 ,
1331 2920 1411 2951 adeo
1446 2923 1482 2952 ut
1520 2920 1612 2951 vicus
1641 2920 1731 2961 ipse,
1759 2921 1936 2953 secundum
1952 2921 2021 2961 ejus
2037 2920 2233 2961 opinionem,

1207 2965 1356 3042 {estania
1372 2968 1553 3045 voparetur.
1565 2966 1655 2998 Idem
1673 2967 1758 2999 enim
1781 2970 1830 2999 est
1846 2976 1883 2999 ac
1901 2966 2086 3008 praecedens
2099 2990 2108 3006 ,
2128 2967 2176 2998 uti
2190 2975 2231 2998 ex

1239 3020 1278 3043 ns
1296 3020 1411 3053 appare
1429 3036 1437 3043 .

1691 3073 1753 3106 59.

1249 3131 1407 3165 Calauriae
1436 3130 1498 3162 fuit
1516 3130 1640 3171 asylum
1662 3131 1822 3171 Neptuni,
1846 3130 1997 3171 quoniam
2021 3130 2126 3162 ferunt
2147 3130 2233 3161 huno

1208 3181 1303 3212 deum
1328 3178 1560 3220 permutatione
1574 3178 1655 3209 facta
1670 3178 1851 3210 calam-iam
1864 3187 1922 3218 pro
1935 3178 2014 3209 Delo
2035 3177 2193 3218 recepisse
2212 3183 2232 3207 a
2277 3214 2288 3217 ,⁷

1212 3230 1346 3266 Latona,
1364 3226 1404 3258 ab
1420 3225 1565 3266 Apolline
1581 3233 1639 3265 pro
1656 3225 1773 3265 Pythia
1797 3227 1980 3257 Taenarum.
2006 3226 2048 3257 Et
2065 3223 2231 3256 oraculum

1210 3282 1338 3315 quoque
1358 3272 1452 3304 refert
1470 3272 1620 3312 Ephorus
1636 3281 1643 3302 :

1294 3335 1350 3361 Par
1365 3334 1443 3361 ratio
1458 3338 1504 3361 est
1516 3331 1623 3361 Delive
1638 3331 1825 3362 Calauriaeve
1840 3331 1982 3361 tenendae
1993 3354 2002 3370 ,

1294 3380 1402 3419 Pythia
1416 3379 1497 3408 idem
1514 3380 1569 3408 tibi
1584 3379 1634 3419 sit,
1653 3378 1738 3418 quod
1751 3378 1781 3407 in
1796 3389 1885 3407 auras
1898 3380 2043 3408 Taeuarus
2057 3376 2148 3406 altus.
