2294 3704
788 125 856 164 DE
884 125 1162 166 ATTHIDUM
1182 127 1565 172 SCRIPTORIBUS.

163 220 201 264 ι)
222 211 360 257 Ἀτθίς
403 216 483 254 sive
511 213 645 266 λόγος
674 212 888 261 Ἀττικός,
929 213 1135 251 duodecim

104 271 152 310 ad
188 275 390 312 minimum
425 274 613 312 librorum
630 272 682 324 (v.
720 273 766 310 fr.
796 273 846 323 9).
868 272 1009 311 Eadem
1045 285 1137 309 cura

106 339 283 384 tempora
303 333 475 371 fabulosa
500 345 544 370 ac
567 340 742 382 tempora
763 331 948 369 historica
967 339 1135 368 tractan-

107 398 191 439 tur;
213 392 316 442 quod
331 400 373 430 ut
393 399 496 430 recte
514 391 736 442 perspicias,
754 391 856 441 legas
873 403 956 441 quae
971 403 1134 427 narran-

103 457 166 486 tur
196 450 244 487 de
266 450 400 488 Thesei
417 450 664 501 expeditione
684 451 725 487 in
756 452 905 488 Cretam
926 449 988 500 (fr.
1013 449 1066 498 5),
1088 448 1135 486 de

102 507 395 546 Atheniensium
426 520 554 559 pugna
575 516 710 546 contra
739 512 950 545 Amazones
983 506 1059 559 (6),
1088 506 1135 544 de

103 566 362 605 Themistocle
373 567 467 618 (14),
484 567 531 604 de
542 567 729 619 prodigiis
740 581 826 618 quae
840 566 1132 605 Atheniensium

98 625 388 676 expeditionem
422 627 462 664 in
492 627 658 666 Siciliam
693 627 918 678 praecedunt
948 625 1031 679 (16)
1059 641 1067 663 :
1093 626 1132 663 in

97 696 260 735 quarum
279 698 408 723 rerum
418 686 658 724 enarratione
672 686 866 725 Clidemus
880 686 1132 724 minutissima

97 753 259 793 quaeque
275 751 529 782 consectatur.

155 801 193 853 2)
213 802 524 856 Πρωτογονία.
559 803 778 842 Admodum
812 803 1015 855 probabile
1051 811 1129 850 est,

97 861 369 912 Protogeniam
390 875 467 899 non
487 863 682 913 peculiare
698 863 813 900 fuisse
833 876 944 913 opus,
962 862 1028 900 sed
1049 862 1131 913 pri-

98 910 202 957 mum
224 920 388 958 Atthidis
407 920 551 959 librum
571 934 580 961 ε
601 935 688 959 nam
713 922 761 959 de
787 935 1000 972 coquorum
1028 921 1130 959 tribu

97 986 135 1015 et
151 978 191 1016 in
205 980 446 1031 Protogoniae
461 981 551 1018 etin
567 981 732 1019 Atthidis
757 981 848 1018 libro
867 986 989 1031 pre‘mo
1005 982 1132 1031 agitur

98 1037 162 1088 (fr.
189 1052 234 1086 ¹7
250 1067 260 1086 ‚
276 1038 327 1090 2).
357 1043 440 1077 Jam
455 1040 486 1077 si
510 1041 796 1091 Harpocration
813 1040 872 1091 (sr.
893 1040 956 1092 18)
974 1041 1130 1078 tertium

97 1097 337 1148 Protogeniae
346 1097 486 1136 librum
497 1099 642 1149 laudat,
656 1100 694 1137 in
706 1100 837 1151 aprico
849 1108 906 1137 est
916 1113 1003 1137 eum
1014 1100 1130 1150 primi

95 1154 186 1193 libri
218 1157 371 1194 titulum
390 1171 463 1209 pro
483 1159 601 1197 totius
630 1159 760 1210 operis
785 1159 1038 1210 inscriptione
1058 1159 1130 1197 ha-

96 1213 238 1256 buisse.
260 1221 358 1256 Nam
380 1232 439 1256 res
461 1219 594 1271 fragm.
611 1221 657 1256 18
678 1228 885 1257 memorata
903 1219 951 1257 ad
965 1220 1129 1258 Clisthe-

97 1274 156 1311 nis
174 1283 347 1327 tempora
361 1286 519 1328 spectat,
533 1278 581 1316 de
595 1278 737 1329 quibus
754 1278 887 1316 iisdem
903 1278 1003 1316 libro
1016 1279 1128 1316 tertio

96 1334 270 1373 Atthidis
289 1349 505 1375 sermonem
520 1338 636 1375 fuisse
652 1351 700 1375 ex
716 1338 759 1376 fr.
781 1345 802 1376 8
820 1338 1026 1388 colligitur.

152 1394 190 1444 3)
211 1392 518 1446 Ἐξηγητικόν.
540 1400 598 1434 De
628 1397 703 1434 hoc
737 1410 855 1447 opere
881 1397 1128 1436 casaubonus

95 1451 143 1488 ad
154 1453 292 1491 Athen.
311 1456 381 1501 IX,
401 1467 439 1506 p.
461 1461 549 1505 409,
567 1459 608 1504 F,
619 1456 700 1493 haec
719 1456 812 1494 dicit
829 1472 836 1493 :
853 1459 938 1494 «Ex
954 1456 1127 1506 subjecto

95 1510 254 1549 Clidemi
270 1512 356 1550 loco
369 1512 448 1551 duo
465 1514 679 1565 colligimus
697 1530 705 1551 ε
726 1528 804 1552 non
826 1529 962 1553 vocum
979 1523 1126 1553 tantum

94 1569 338 1620 antiquarum
354 1573 635 1623 expositionem
653 1574 889 1611 continuisse
911 1574 951 1611 id
974 1578 1126 1625 Exege-

95 1628 212 1676 ticon,
236 1630 304 1667 sed
322 1631 436 1668 etiam
457 1643 610 1669 morum
630 1633 846 1682 priscorum
869 1641 908 1670 et
923 1633 1126 1672 instituto-

94 1699 179 1724 rum
190 1700 234 1725 ac
246 1688 402 1727 rituum.
414 1690 563 1729 Deinde
575 1699 717 1740 autem,
730 1705 807 1729 non
818 1692 941 1730 soluta
953 1693 1128 1731 oratione

94 1744 133 1782 id
155 1747 342 1798 scriptum
372 1749 510 1796 fuisse,
538 1762 675 1788 verum
703 1752 873 1789 numeris
902 1752 1127 1791 adstricta.»

94 1805 170 1844 Sed
197 1806 274 1845 hoc
294 1808 487 1859 posterius
513 1818 617 1848 recte
640 1810 878 1862 improbavit
896 1812 1057 1851 Siebelis
1074 1813 1127 1864 (v.

95 1863 143 1901 fr.
166 1865 244 1915 20).

150 1923 190 1976 l»)
209 1924 391 1967 Νόστοι.
418 1931 577 1968 Huncce
612 1928 756 1968 librum
782 1944 861 1968 non
891 1931 1006 1970 fuisse
1043 1946 1130 1970 car-

95 1995 196 2028 men,
215 1984 280 2022 sed
297 1998 413 2036 prosa
432 1988 610 2026 oratione
629 1989 906 2040 conscriptum,
925 1998 1042 2042 atque
1057 1996 1129 2030 At-

95 2042 211 2081 thidis
237 2053 400 2095 partem,
428 2046 598 2097 probare
622 2048 778 2087 videtur
804 2050 851 2087 fr.
882 2055 953 2098 24,
985 2051 1022 2087 in
1052 2066 1128 2102 quo

95 2117 215 2154 quum
233 2106 281 2144 de
301 2107 499 2146 Pisistrato
519 2121 646 2147 sermo
667 2110 751 2158 fiat,
779 2111 970 2162 conjicere
990 2114 1128 2164 possis,

94 2163 207 2214 hujus
219 2167 457 2205 reversiones
465 2168 504 2205 in
515 2167 663 2222 Νόστοις
672 2178 853 2208 tractatas
863 2174 1130 2211 esse.-cete-

96 2237 181 2262 rum
194 2226 260 2262 vix
271 2226 457 2265 credibile
473 2236 544 2276 est,
564 2238 699 2267 nostro
713 2231 885 2268 Clidemo
897 2232 1129 2271 vindicanda

96 2296 179 2322 esse
202 2285 434 2336 fragmenta,
465 2300 551 2337 quae
569 2302 614 2326 ex
638 2288 753 2339 hujus
775 2290 943 2327 nominis
969 2300 1127 2330 auctore

95 2343 310 2382 afferuntur
337 2345 386 2382 ab
409 2346 613 2385 Aristotele
635 2356 674 2384 et
697 2348 968 2399 Theophrasto
986 2350 1049 2401 (fr.
1077 2352 1127 2388 26

95 2401 193 2453 sqq.)
209 2417 218 2440 ε
240 2404 436 2454 pertinent
451 2405 553 2443 enim
571 2406 620 2444 ad
632 2406 831 2445 historiam
851 2409 1065 2447 naturalem
1090 2418 1128 2448 et

95 2462 425 2514 meteorologiam.

535 2544 683 2554 ψ

429 2599 797 2640 PHANODEMUS.

148 2681 415 2720 Phanodemus
433 2695 455 2720 a
470 2683 659 2734 Dionysio
682 2686 805 2724 Halic.
829 2687 891 2738 (fr.
915 2688 954 2740 8)
973 2690 1026 2728 ita
1039 2690 1127 2728 lau—

95 2739 226 2788 datur,
251 2749 296 2777 ut
323 2741 405 2791 ejus
433 2744 701 2781 auctoritatem
731 2759 813 2783 esse
839 2747 929 2785 satis
954 2762 1128 2799 magnam

96 2799 294 2849 significet.
309 2801 368 2838 Ex
384 2801 609 2852 fragmentis
625 2804 815 2851 videmus,
827 2819 915 2844 eum
930 2809 1071 2847 acriter
1081 2810 1129 2848 de

96 2857 210 2895 rebus
238 2859 432 2906 judicasse
459 2862 654 2912 multaque
678 2877 776 2901 nova
798 2867 1047 2916 proposuisse
1066 2870 1128 2920 (cf.

98 2928 160 2963 οι,
181 2930 244 2965 22,
270 2930 329 2964 10,
352 2932 386 2964 7,
403 2919 441 2967 8,
461 2920 549 2972 20);
566 2921 761 2959 interdum
782 2937 876 2962 vero
891 2927 1022 2976 patriae
1037 2928 1129 2965 cele-

96 2973 250 3013 brandae
261 2976 390 3014 studio
401 2991 420 3015 a
431 2991 525 3017 vero
536 2979 690 3029 abduci,
704 2990 746 3019 ut
761 2982 805 3020 sr.
827 2997 840 3020 1
851 2997 886 3032 7,
897 2984 963 3023 ubi
972 2987 1127 3025 navium

97 3036 337 3073 Persicarum
357 3050 562 3077 numerum
582 3041 792 3080 immodice
816 3054 941 3093 auget.

153 3093 194 3145 ι)
213 3096 367 3146 scripsit
390 3107 399 3134 τ
439 3100 653 3149 Atthidem,
683 3115 822 3139 novem
855 3103 903 3140 ad
927 3104 1127 3143 minimum

97 3152 298 3192 librorum.

153 3210 200 3261 α)
244 3213 449 3258 Δηλιακὰ
485 3216 723 3255 Phanodemi
766 3230 1031 3258 memorantur
1078 3222 1127 3259 ab

99 3271 404 3320 Harpocratione
417 3287 454 3313 v.
472 3273 628 3322 Ἑκάτης
645 3279 747 3323 νῆσος
762 3278 821 3328 (fr.
838 3279 916 3330 26).
938 3282 1026 3326 Quo
1042 3281 1126 3331 qui-

100 3324 188 3364 dem
211 3327 472 3369 locoVossius
493 3336 550 3371 De
570 3334 704 3373 histor.
726 3340 792 3374 Gr.
812 3349 850 3387 p.
878 3339 954 3388 399
974 3339 1126 3377 Phano-

2050 146 2229 175 LXXXVII

1200 216 1354 254 demum
1383 230 1516 255 errore
1538 217 1708 268 positum
1737 230 1818 255 esse
1838 226 1952 270 putat
1978 232 2050 270 pro
2072 220 2230 259 Phano-

1200 275 1309 322 dico,
1338 275 1500 313 Siebelis
1523 284 1652 315 autem
1681 284 1826 314 mutata
1856 278 2170 329 interpunctione
2192 290 2229 318 ct

1199 333 1328 371 addita
1349 335 1539 384 particula
1559 334 1594 373 δὲ
1611 335 1765 373 Deliaca
1779 337 1850 374 ista
1866 339 1980 376 Semo
1997 337 2227 377 vindicanda

1198 392 1426 441 suspicatur.
1451 394 1524 432 Sed
1547 394 1627 431 haec
1648 394 1861 462 arbitrar‘ffi
1875 404 1981 443 sunt,
2006 411 2076 434 nec
2105 399 2225 448 quid-

1197 465 1313 500 quam
1343 452 1507 503 impedit
1538 455 1745 503 quominus
1774 459 1916 494 Noster
1940 457 2095 495 Deliaca
2114 471 2225 496 com-

1196 510 1378 559 posuerit.

1251 566 1287 617 3)
1309 567 1502 613 Ἰκιακά,
1531 579 1574 608 ut
1607 580 1771 611 testatur
1813 573 1948 624 steph.
1978 577 2067 625 Byz.
2089 588 2098 611 τ
2119 574 2225 625 Ἰκός,

1193 627 1298 672 νῆσος
1311 628 1381 664 τῶν
1401 627 1612 678 Κυκλάδων,
1633 631 1812 685 προσεχὴς
1823 635 1867 686 τῇ
1886 632 2039 686 Εὒὸοίᾳ·
2056 636 2074 672 ὁ
2090 634 2226 681 νησιώ-

1193 700 1256 732 της
1272 683 1394 728 Ἴκιος.
1410 684 1573 740 Ἔγραψε
1595 688 1631 726 δὲ
1649 690 1863 743 Φανόδημος
1881 690 2030 731 Ἰκιακά.
2057 692 2160 732 Nihil
2176 707 2224 733 ex

1192 745 1251 783 his
1265 753 1470 784 servatum.

1629 882 1788 922 DEMO.

1243 966 1457 1000 Demonem
1478 976 1557 999 non
1578 976 1714 1013 magna
1728 964 1801 1002 fide
1819 979 1978 1015 mgnum
1994 981 2075 1006 esse
2089 970 2222 1008 existi-

1192 1035 1340 1060 mamus
1352 1052 1362 1070 ,
1377 1036 1455 1059 non
1470 1022 1586 1059 modo
1600 1023 1704 1073 quod
1715 1024 1966 1063 Philochorus
1985 1037 2118 1066 contra
2133 1043 2221 1067 eum

1191 1082 1365 1132 scripsit,
1399 1081 1464 1118 sed
1498 1082 1612 1118 etiam
1649 1082 1754 1132 quod
1785 1082 1997 1134 fragmenta
2029 1101 2072 1133 17
2108 1096 2145 1124 et
2174 1090 2220 1126 18

1192 1141 1371 1192 probant,
1394 1155 1481 1178 eum
1503 1140 1714 1178 mendaciis
1734 1141 1865 1179 fallere
1883 1143 2084 1183 studuisse.
2100 1149 2222 1184 Nam-

1190 1215 1264 1252 que
1285 1202 1442 1239 Polemo
1461 1200 1580 1252 (apud
1597 1201 1729 1251 steph.
1752 1204 1839 1250 Byz.
1857 1215 1892 1239 v.
1913 1202 2106 1255 Δωδώνη),
2127 1207 2219 1243 Ari-

1190 1261 1310 1299 stides
1340 1260 1459 1311 (apud
1490 1260 1648 1299 Suidam
1670 1274 1705 1297 v.
1733 1261 1942 1299 Δωδωναῖον
1967 1263 2147 1315 χαλκεῖον)
2184 1275 2222 1303 et

1189 1320 1331 1358 Strabo
1347 1323 1420 1358 VII
1440 1334 1475 1370 p.
1500 1322 1572 1356 321
1601 1320 1639 1357 in
1661 1333 1707 1357 eo
1728 1322 1995 1369 consentiunt,
2017 1324 2122 1372 quod
2141 1333 2220 1362 tra-

1190 1380 1298 1425 dunt,
1324 1379 1420 1417 duas
1443 1379 1560 1416 fuisse
1579 1378 1751 1416 Dodonae
1770 1379 1984 1428 columnas,
2003 1381 2040 1417 in
2057 1396 2220 1432 quarum

1189 1440 1307 1476 altera
1328 1437 1432 1475 lebes
1455 1439 1603 1488 positus
1626 1438 1756 1484 fuerit,
1780 1439 1819 1475 in
1845 1439 1964 1477 altera
1986 1453 2083 1490 puer
2105 1455 2220 1480 manu

1189 1508 1322 1537 tenens
1342 1498 1533 1549 flagellum
1555 1498 1670 1535 aeneis
1687 1498 1780 1535 loris
1801 1499 2004 1545 munitum,
2025 1513 2110 1550 quae
2129 1515 2222 1539 ven-

1189 1566 1248 1595 tus
1282 1557 1502 1610 agitaverit3
1549 1557 1706 1594 omnino
1742 1570 1835 1594 vcro
1876 1558 2076 1607 ignorant,
2116 1561 2220 1611 quod

1187 1620 1310 1655 Demo
1329 1617 1437 1664 dicit,
1460 1616 1647 1666 templum
1668 1614 1774 1653 Jovis
1790 1616 1982 1655 lebetibus
2001 1619 2219 1658 circumda-

1189 1685 1271 1714 tum
1289 1676 1419 1724 fuisse,
1441 1689 1608 1726 quorum
1627 1675 1658 1712 si
1676 1675 1761 1725 quis
1777 1689 1896 1713 unum
1914 1677 2136 1727 pulsaverit,
2153 1692 2219 1716 so·-

1187 1750 1279 1774 num
1297 1735 1346 1773 ad
1363 1737 1533 1786 reliquos
1552 1747 1684 1771 omnes
1705 1743 1957 1785 propagatum
1976 1737 2216 1788 perdurasse,

1188 1809 1310 1847 usque
1334 1795 1425 1833 dum
1453 1794 1601 1844 primus
1625 1794 1752 1831 denuo
1772 1795 1980 1845 pulsandus
1999 1797 2060 1833 sit.
2081 1800 2218 1835 Parum

1189 1855 1394 1892 verisimile
1409 1863 1478 1900 est,
1494 1861 1736 1903 apparatum,
1753 1867 1867 1903 quem
1886 1857 2009 1891 Demo
2024 1855 2220 1906 describit,

1188 1914 1406 1952 Polemonis
1438 1922 1612 1964 tempore
1639 1911 1720 1963 jam
1743 1913 1953 1964 collapsum
1981 1915 2220 1966 alterumque

1189 1974 1464 2024 simpliciorem
1491 1973 1529 2009 in
1550 1971 1633 2022 ejus
1656 1972 1783 2008 locum
1811 1972 2060 2011 substitutum
2095 1975 2219 2023 fuisse,

1189 2034 1295 2085 quod
1315 2034 1508 2070 Welcker.
1536 2031 1670 2069 statuit
1692 2030 1739 2067 ad
1763 2031 1987 2069 Philostrat.
2009 2047 2047 2084 p.
2071 2033 2168 2080 5663
2189 2036 2219 2072 si

1190 2107 1280 2131 vero
1310 2093 1502 2143 collapsus
1533 2091 1686 2136 suisset,
1712 2091 1896 2128 memoria
1917 2092 2057 2141 prioris
2079 2093 2218 2130 admo-

1189 2154 1281 2191 dum
1301 2166 1390 2190 sane
1414 2149 1672 2188 memorabilis
1690 2164 1767 2186 non
1785 2150 1992 2188 interiisset
2008 2160 2046 2189 et
2064 2154 2219 2190 Polemo

1189 2214 1292 2252 haud
1311 2211 1427 2250 dubie
1448 2210 1529 2261 ejus
1550 2211 1781 2247 mentionem
1804 2211 1965 2248 fecisset.
1991 2213 2064 2250 Sed
2092 2213 2218 2264 ipsum

1189 2272 1451 2325 proverbium,
1471 2271 1511 2307 in
1532 2284 1609 2320 quo
1624 2270 1671 2307 de
1690 2283 1766 2306 uno
1782 2278 1928 2307 tantum
1941 2271 2065 2308 aheno
2079 2273 2219 2323 agitur,

1188 2334 1289 2371 clare
1310 2332 1562 2375 demonstrat,
1580 2337 1668 2366 ante
1686 2332 1897 2366 Demonem
1915 2331 2078 2368 eundem
2098 2345 2220 2382 appa-

1188 2402 1314 2432 ratum
1324 2391 1527 2438 exstitisse,
1536 2390 1583 2427 de
1591 2403 1669 2440 quo
1679 2389 1835 2426 Polemo
1846 2390 2218 2442 aliiqueloquuntur.

1242 2453 1335 2490 Tria
1354 2450 1539 2488 Demonis
1558 2461 1673 2499 opera
1691 2457 1975 2485 memorantur:

1246 2511 1281 2562 1)
1302 2508 1435 2553 Ατθίς
1454 2517 1624 2559 quatuor
1648 2508 1848 2544 minimum
1869 2507 2056 2545 librorum
2080 2508 2137 2558 (fr.
2168 2508 2216 2559 1).

1187 2570 1423 2608 Paucissima
1440 2583 1488 2607 cx
1506 2581 1550 2605 ea
1567 2568 1778 2617 fragmenta
1799 2567 1930 2603 relicta
1945 2575 2044 2614 sunt,
2061 2568 2165 2617 quod
2180 2577 2218 2605 ct

1189 2633 1317 2682 ipsum
1339 2643 1410 2666 nos
1432 2626 1588 2665 credere
1601 2625 1731 2677 jubet,
1749 2629 1959 2663 Demonem
1978 2625 2050 2662 [ide
2068 2640 2143 2664 non
2158 2627 2218 2664 di-

1189 2703 1305 2739 gnum
1324 2687 1500 2725 habitum
1513 2699 1605 2723 csse.
1621 2685 1805 2722 Videmus
1823 2698 1908 2721 eum
1925 2698 2081 2734 operam
2093 2699 2216 2737 posu-

1188 2748 1261 2786 isse
1285 2748 1324 2784 in
1349 2745 1588 2797 explicandis
1612 2743 1727 2781 rebus
1747 2742 2016 2793 mythologicis
2043 2752 2081 2782 et
2098 2746 2217 2784 sacris

1191 2808 1242 2859 (1,
1264 2821 1300 2853 2,
1323 2808 1375 2856 4),
1391 2814 1430 2844 et
1443 2805 1482 2842 in
1500 2802 1799 2853 interpretandis
1819 2800 1957 2839 fabulis
1973 2801 2039 2852 (3).

1244 2866 1279 2916 2)
1304 2866 1362 2904 Πε
1378 2863 1418 2918 pt
1440 2878 1577 2915 παροι
1590 2877 1615 2912 μ
1629 2863 1715 2898 ιῶν.
1735 2863 1814 2897 Nos
1835 2861 2215 2913 confidentiusquam

1189 2923 1347 2963 Siebelis
1363 2924 1438 2960 hoc
1451 2935 1550 2972 opus
1566 2919 1729 2958 Demoni
1744 2918 1972 2966 tribuimus;
1994 2921 2218 2971 proverbio-

1191 2997 1275 3020 rum
1295 2983 1397 3020 enim
1421 2979 1641 3031 explicatiO,
1661 2990 1745 3027 quae
1761 2991 1809 3014 ex
1824 2977 1982 3016 historia
2000 2979 2219 3017 hominum-

1189 3056 1264 3093 que
1285 3040 1470 3090 institutis
1493 3053 1535 3076 ac
1553 3037 1726 3075 moribus
1747 3038 1955 3088 repetitur,
1974 3047 2031 3077 est
2049 3053 2141 3078 sane
2156 3040 2217 3077 hi-

1188 3101 1319 3139 storici
1336 3114 1344 3136 :
1361 3107 1399 3136 et
1414 3098 1599 3136 Demonis
1617 3095 1826 3147 proverbia
1846 3111 1962 3148 quam
1980 3099 2145 3136 maxime
2163 3100 2217 3136 ita

1188 3166 1411 3210 comparata
1435 3166 1544 3204 sunt,
1573 3165 1617 3194 ut
1639 3156 1814 3194 historici
1837 3170 1997 3209 operam
2019 3158 2217 3209 requirant

1190 3219 1252 3270 (cf.
1275 3219 1310 3266 5,
1328 3232 1366 3268 9,
1393 3231 1452 3266 10,
1478 3231 1540 3268 11,
1566 3231 1628 3265 12,
1650 3222 1709 3263 14,
1736 3216 1796 3265 15,
1818 3217 1898 3270 20).
1920 3219 2041 3267 ldem,
2059 3227 2100 3256 ut
2112 3232 2216 3256 nunc

1186 3278 1311 3326 video,
1333 3277 1450 3315 sentit
1485 3276 1804 3315 Schneidewinus
1828 3278 1868 3315 in
1890 3278 2040 3316 Praefat.
2064 3277 2110 3314 ad
2136 3281 2214 3315 Pa-

1186 3338 1379 3389 roemiogr.
1399 3351 1438 3389 p.
1455 3339 1507 3376 X.
1520 3337 1705 3376 Aristides
1722 3351 1892 3390 quoque,
1909 3338 1975 3390 qui
1993 3338 2040 3376 de
2058 3350 2215 3389 prover-
