2320 3684
151 197 202 232 72

203 281 333 319 Schol.
353 280 486 331 Eurip.
507 280 646 318 Alcest.
669 292 690 316 2
708 293 717 316 z
733 278 938 331 Φερεκύδης
963 280 999 317 ἐν
1020 281 1065 332 τῇ
1085 281 1180 319 ἱστο-

151 336 209 392 ρίᾳ
228 337 307 382 τοὺς
322 339 357 376 ἐν
381 338 527 390 Δελφοῖς
558 335 643 389 φησὶ
665 335 878 384 θνήσκοντας
905 335 1007 375 αὐτὸν
1027 338 1180 377 &vocemi-

149 411 260 435 σκειν.

202 459 278 506 Ap.
296 454 426 493 Schol.
447 453 720 503 Pindar.Pyth.
739 456 810 501 111,
832 456 896 506 96,
915 457 1180 508 AEsculapium

149 513 198 552 ab
214 518 312 552 Jove
332 513 500 550 occisum
515 526 597 550 esse
614 513 731 551 tradit
744 513 968 567 Φερεκύδης,
985 514 1039 554 ὅτι
1050 514 1127 560 τοὺς
1142 517 1178 554 ἐν

147 573 295 626 Δελφοῖς
315 571 527 619 θνήσκοντας
546 570 713 611 ἀναὸιοῦν
731 572 854 612 ἐποίει.

647 647 685 687 9.

201 711 327 748 8011οΙ.
346 711 523 762 Apollon.
540 714 593 763 ΙΙ,
610 711 710 750 500:
731 712 894 767 Περὶτῆς
910 710 1072 768 Κυρήνης
1091 713 1181 753 Πίν-

147 770 262 830 δαρος
268 770 433 823 ἱστορεὶ’
417 785 452 808 εν
476 770 698 814 Πυθιονίκαις
719 771 804 824 (ΙΧ,
824 773 847 810 6
860 785 942 823 sqq.
946 775 1003 820 ),ε
985 789 1032 817 ως
1049 772 1180 826 παρθέ-

118 864 121 866 A
146 843 203 872 νος
222 831 332 875 οὐσα,
362 827 469 882 μέχρι
488 831 620 868 πολλοῦ
648 830 874 883 συνεκυνήγει
892 834 943 884 τῷ
967 830 1178 870 Ἀπόλλωνι·

146 887 405 925 διαπαλαίουσα
428 886 466 926 δέ
483 903 569 927 ποτε
589 887 703 927 λεόντι
728 889 929 941 ἠγαπήθη
916 889 984 928 υπὸ
1002 889 1181 929 Ἀπόλλω-

145 960 221 989 νος·
241 945 278 989 ὃς
304 945 365 984 καὶ
392 946 554 1000 ἁρπάσας
578 946 703 995 αὐτὴν,
734 947 932 1000 διεκόμισεν
959 951 1006 992 εἰς
1029 948 1093 996 τὴν
1119 952 1179 988 νῦν

146 1004 208 1042 ἀπ’
224 1006 331 1051 αὖτ’ῆς
348 1004 513 1059 Κυρήνην
532 1008 595 1053 τῆς
611 1006 747 1056 Λιὸύης
766 1007 1001 1059 (καλουμένην
1019 1009 1118 1047 adde
1133 1023 1180 1047 ex

146 1064 233 1101 cod.
260 1063 394 1116 Paris.)
413 1063 474 1103 καὶ
498 1064 612 1117 μιγεὶς
635 1066 828 1119 Ἀρισταῖον
845 1066 954 1105 ἔτεκε.
976 1066 1180 1120 Φερεκύδης

146 1122 184 1161 δέ
195 1138 280 1177 φησι
293 1123 351 1162 καὶ
362 1122 518 1177 Ἄρατος,
529 1123 587 1163 ἐπὶ
599 1124 732 1164 κύκνων
749 1125 858 1174 αὐτὴν
868 1128 1069 1178 ὀχηθεῖσαν,
1088 1125 1181 1165 κατὰ

146 1181 366 1227 Ἀπόλλωνος
392 1182 608 1237 προαίρεσιν,
636 1186 683 1228 εἷς
715 1184 780 1233 τὴν
801 1185 965 1239 Κυρήνην
983 1183 1179 1237 ἀφικέσθαι.

198 1244 351 1279 Patrem
370 1245 539 1293 Cyrenes
555 1244 621 1281 alii
641 1244 777 1282 dicunt
795 1247 963 1282 Peneum
981 1272 990 1288 ‚
1007 1243 1072 1281 alii
1098 1246 1181 1292 Hy-

146 1313 304 1351 pseum,
329 1314 459 1352 regem
491 1302 768 1353 Lapitharum,
786 1316 902 1354 quem
933 1302 1037 1341 Pelei
1059 1302 1181 1339 filium

145 1372 228 1396 esse
254 1359 372 1397 tradit
400 1361 530 1399 Schol.
556 1362 685 1412 Apoll.
714 1362 739 1398 l.
774 1362 798 1399 1.
821 1370 860 1399 et
887 1375 936 1400 ex
957 1361 1180 1411 Pherecyde

144 1418 274 1456 Schol.
297 1418 406 1456 Pind.
422 1419 534 1469 Pyth.
549 1423 624 1470 lx,
645 1433 695 1471 29
709 1435 716 1458 :
736 1419 865 1464 Ναΐδος
880 1418 941 1458 καὶ
955 1421 1107 1466 Πηνειοῦ
1122 1419 1180 1458 τὸν

144 1475 259 1530 Ὑψέα
294 1475 510 1530 Φερεκύδης.
537 1476 765 1533 Ἀκέσανδρος
802 1476 861 1528 δὲ,
900 1476 1086 1533 Φιλλύρας
1117 1481 1180 1526 τῆς

145 1533 305 1574 Ἀσωποῦ
324 1534 383 1574 καὶ
410 1537 563 1584 Πηνειοῦ
577 1538 708 1591 ἱστορεῖ
725 1537 782 1576 τὸν
802 1535 929 1592 Ὑψέα.

198 1661 1179 1720 5011ο1.Αρο11011.ΙΙΙ,467ιΠερσηιδατὴνἙκάτην

144 1724 239 1777 λέγει
259 1726 534 1779 (Apollonius),
553 1729 599 1772 ὡς
615 1730 676 1766 τοῦ
690 1726 857 1781 Περσεως
874 1725 1058 1780 θυγατέρα.
1078 1726 1181 1772 Τινὲς

146 1783 183 1823 δὲ
203 1785 312 1833 αὐτήν
339 1802 425 1840 φασι
451 1786 532 1830 Διὸς
559 1790 650 1825 εἰναι
677 1787 800 1825 παῖδα.
825 1785 1116 1838 ...Βακχυλίδης
1141 1784 1179 1824 δὲ

145 1844 280 1888 Νυκτὸς
298 1845 403 1899 φησὶν
424 1845 533 1893 αὐτὴν
550 1846 774 1899 θυγατερα...
779 1847 978 1888 .Μουσαῖος
991 1843 1048 1892 δὲ,
1065 1843 1181 1883 Ἀστε-

147 1902 221 1950 ρίας
239 1918 300 1941 και
320 1903 412 1947 Διός.
435 1905 559 1955 (Conf.
586 1905 635 1943 ad
657 1918 694 1942 v.
724 1903 851 1955 1034.)
889 1903 1092 1957 Φερεκύδης
1119 1902 1179 1951 δὲ,

147 1963 342 2017 Ἀρισταίου
361 1968 423 2003 τοῦ
447 1964 610 2010 Παίονος.
631 1965 728 2004 Cod.
747 1966 863 2004 Paris.
881 1964 1054 2008 Παίωνος.

635 2031 695 2069 11.

180 2093 374 2131 =Eustath.
395 2093 444 2131 ad
470 2095 585 2133 Hom.
611 2094 654 2132 Il.
685 2095 734 2141 Z,
756 2107 793 2145 p.
821 2094 912 2140 648,
943 2095 988 2142 37
1005 2092 1179 2146 εΔάειραν

147 2150 351 2205 Φερεκύδης
372 2153 502 2205 ἱστορεῖ
518 2151 652 2203 Στυγὸς
671 2151 838 2206 ἀδελφὴν,
857 2151 917 2190 καὶ
937 2151 1040 2200 ἔοικε,
1061 2152 1179 2206 φησὶν,

146 2209 256 2254 οὕτως
269 2210 374 2264 ἔχειν.
394 2211 478 2251 Ἐπὶ
502 2209 569 2265 γὰρ
588 2214 694 2265 ὑγρᾶς
711 2211 831 2255 οὐσίας
848 2210 1032 2250 τάττουσιν
1057 2213 1087 2250 οἱ
1107 2227 1180 2249 πα-

189 2321 391 2362 Pherecydes
407 2322 439 2353 in
453 2322 591 2354 historia
606 2322 706 2356 tradit
719 2322 944 2365 AEsculapium
956 2322 1090 2364 Delphis
1101 2331 1183 2355 mor-

147 2372 223 2402 tuos
235 2368 267 2401 in
281 2369 382 2401 vitam
399 2378 576 2402 revocasse.

650 2431 686 2464 9.

186 2486 346 2519 Pindarus
359 2486 393 2518 in
405 2495 505 2519 carm.
520 2487 617 2528 Pyth.
631 2487 711 2521 dicit
722 2490 881 2529 Cyrenen,
895 2488 974 2520 dum
984 2487 1073 2529 virgo
1083 2489 1180 2527 esset,

147 2535 289 2566 multum
310 2536 458 2567 venatam
474 2543 545 2567 esse
561 2544 636 2567 cum
659 2535 806 2576 Apolline
820 2559 829 2575 ,
851 2536 908 2576 qui
922 2560 931 2576 ,
955 2544 1058 2576 quum
1071 2538 1183 2566 contra

147 2582 274 2614 leonem
296 2582 473 2614 luctantem
495 2583 660 2623 quondam
678 2583 912 2623 conspexisset,
937 2591 1046 2614 amore
1060 2582 1182 2614 inflam-

148 2631 255 2661 matus
270 2630 410 2671 puellam
427 2631 587 2671 rapuisset
604 2632 637 2662 et
658 2630 690 2661 in
713 2639 784 2662 eam
801 2630 914 2671 Libyae
928 2633 1052 2671 partem
1081 2634 1183 2664 traus-

148 2678 327 2718 portasset,
355 2686 429 2718 quae
450 2685 539 2709 nunc
553 2676 594 2709 ab
608 2677 663 2709 1113
677 2679 803 2718 Cyrene
819 2677 986 2709 nominata
997 2680 1058 2718 est,
1073 2678 1183 2719 ibique

149 2733 224 2756 eum
239 2733 277 2756 ea
294 2733 486 2765 congressus
499 2724 662 2765 genuisset
684 2725 870 2756 Aristaeum.
888 2725 1089 2765 Pherecydes
1106 2734 1182 2757 vero

149 2773 182 2803 et
195 2773 313 2803 Aratus
328 2780 400 2803 eam
420 2780 517 2803 curru
534 2771 646 2812 cygnis
662 2772 776 2813 juncto
791 2773 918 2803 vectam
934 2771 1092 2812 Apollinis
1108 2781 1181 2804 con-

150 2818 222 2850 silio
236 2821 385 2859 Cyrenen
399 2819 528 2851 venisse
550 2819 676 2851 dicunt.

191 2866 302 2898 Naidis
318 2868 350 2898 et
366 2867 463 2899 Penei
476 2866 581 2898 filium
597 2868 766 2907 Hypseum
783 2865 861 2898 dicit
875 2866 1098 2907 Pherecydes.'

634 2932 696 2966 10.

193 2988 382 3028 Apollonius
417 2984 559 3023 Hecaten
586 2991 733 3022 nominat
761 2989 944 3023 Perseidem
958 3013 968 3029 ‚
1005 2992 1041 3022 ut
1073 2989 1181 3022 Persei

152 3034 267 3074 11113111;
286 3037 433 3068 nonnulli
449 3040 558 3070 autem
581 3047 653 3070 eam
669 3038 762 3070 Jovis
778 3037 878 3070 filiam
896 3037 1030 3070 faciunt.
1044 3037 1181 3078 Bacchy-

153 3081 231 3113 lides
247 3091 318 3114 eam
331 3085 440 3116 Noctis
460 3085 558 3117 filiani
582 3085 673 3124 dicit,
696 3087 840 3117 Musaeus
856 3085 950 3117 Jovis
967 3093 1007 3116 ex
1030 3084 1158 3117 Asteria
1170 3108 1179 3124 ,

151 3128 351 3169 Pherecydes
369 3131 508 3171 Aristaei,
522 3132 578 3173 qui
592 3132 719 3165 Paeonis
734 3131 916 3173 (Apollinis)
938 3131 1023 3164 filius
1037 3133 1117 3163 erat.

636 3200 698 3232 11.

194 3251 323 3283 Dairam
340 3253 540 3294 Pherecydes
557 3256 654 3288 tradit
677 3257 784 3298 Stygis
809 3265 880 3289 esse
896 3265 1039 3289 sororem
1053 3280 1062 3296 ‚
1085 3257 1181 3297 atque

153 3300 404 3331 consentancum
416 3304 465 3332 est
478 3311 544 3333 rem
558 3303 603 3334 ita
620 3303 736 3335 habere
748 3315 756 3342 ;
770 3304 930 3336 elemento
944 3305 1031 3336 enim
1045 3304 1181 3336 humido

156 3347 282 3376 03113111
299 3355 438 3387 praeesse
455 3351 603 3381 statuunt
619 3353 756 3389 veteres,
770 3360 870 3391 quare
882 3352 981 3383 etiam
998 3351 1108 3384 Cereri
1122 3351 1180 3383 iui-

154 3401 273 3425 nncam
291 3394 436 3426 credunt.
466 3398 575 3433 Quum
601 3397 688 3429 enim
713 3399 743 3430 ei
760 3407 851 3430 sacra
878 3400 959 3431 1111111
973 3423 982 3439 ,
1012 3408 1076 3431 11011
1094 3399 1186 3431 adest

866 193 1189 234 PHERECYDIS
1217 196 1548 237 FRAGMENTA.

1238 282 1330 322 λαιοὶ
1346 283 1409 331 τὴν
1430 284 1592 339 Δάειραν.
1613 284 1676 324 Διὸ
1700 285 1759 324 καὶ
1782 286 1954 338 πολεμίαν
1970 290 2013 341 τῇ
2029 287 2193 344 Δήμητρι
2211 307 2268 330 νο-

1239 342 1390 393 μίζουσι.
1410 342 1524 383 Ὅταν
1546 344 1615 398 γὰρ
1637 343 1761 392 θύηται
1789 346 1898 398 αὐτῇ,
1917 348 1955 385 οὒ
1974 347 2142 401 πάρεστιν
2162 352 2185 397 ἡ
2203 353 2268 398 τῆς

1241 401 1469 456 Δήμητρος’
1460 402 1580 457 ιε’ρεια.
1601 403 1675 443 Καὶ
1695 402 1772 442 οὐδὲ
1796 406 1865 442 τῶν
1888 405 2085 457 τεθυμένων
2107 408 2269 459 γεύεσθαι

1239 459 1347 508 αὐτὴν
1367 459 1474 502 ὅσιον.
1498 467 1598 500 «Pro
1618 462 1722 516 φησὶν
1743 463 1914 502 fortassis
1927 465 2000 516 legi
2018 468 2140 517 possit
2152 466 2269 520 φύσιν,

1238 528 1282 557 ut
1298 533 1430 559 sensus
1449 522 1519 559 sit:
1536 531 1574 558 et
1593 524 1748 559 videtur
1758 536 1855 559 sane
1869 524 1939 561 hoc
1956 538 2039 562 cum
2056 528 2115 563 rei
2124 536 2270 565 natura

1240 583 1456 618 consentire.
1484 582 1659 620 Valesius
1689 581 1737 619 ad
1766 585 1996 633 Harpocrat.
2031 597 2070 636 p.
2095 599 2157 638 17,
2176 586 2270 638 legit

1239 640 1488 691 simpliciter:
1505 639 1565 679 καὶ
1584 639 1694 679 ἔοικεν
1714 640 1785 680 οὔτ.
1806 641 1860 695 ἔχ.
1872 660 1889 677 »
1906 645 2030 682 Sturz.

1294 769 1576 819 Apollodor.1,
1614 770 1650 817 5,
1673 783 1694 807 2
1714 710 1822 818 ‹Et-n,
1849 770 1898 809 de
1920 756 2272 823 Triptolemossi'e-

1240 825 1385 880 ρεκύδης
1404 827 1508 881 φησὶν
1526 827 1630 867 αὐτὸν
1645 827 1717 867 υἱὸν
1743 829 1917 868 Ὠκεανοῦ
1936 830 1996 869 καὶ
2016 832 2098 878 Γῆς.

1727 899 1786 937 13.

1296 962 1420 1000 801101.
1435 963 1617 1013 Apollon.
1636 965 1703 1010 lv,
1731 977 1825 1013 1⁰9¹
1848 980 1856 1002 :
1880 959 1999 1003 κἮσαν
2019 963 2087 1018 γὰρ
2113 967 2132 1003 ὁ
2146 964 2275 1010 Δίκτυς

1242 1020 1334 1059 καὶὸ
1352 1021 1599 1069 Πολυδέκτης,
1622 1021 1825 1075 Ἀνδροθόης
1851 1025 1914 1069 τῆς
1950 1022 2132 1077 Κάστορος
2173 1024 2272 1074 (cod.

1239 1080 1358 1118 Paris.
1378 1080 1650 1133 Περικάστορος)
1671 1080 1731 1118 καὶ
1750 1080 1981 1134 Περισθένους
1997 1086 2059 1120 τοῦ
2078 1081 2274 1133 Δαμάστο-

1242 1153 1315 1191 ρος,
1336 1141 1398 1177 τοῦ
1417 1138 1599 1178 Ναυπλίου
1611 1170 1621 1187 ,
1638 1142 1706 1177 τοῦ
1726 1140 1945 1185 Ποσειδῶνος
1958 1171 1968 1189 ,
1986 1140 2047 1179 καὶ
2067 1140 2275 1192 Ἀμυμώνης

1243 1197 1346 1248 (cod.
1374 1197 1493 1235 Paris.
1518 1206 1556 1235 et
1574 1198 1694 1236 Phav.
1713 1197 1936 1250 Ἀμυμόνης),
1953 1201 2000 1243 ὡς
2017 1198 2222 1253 Φερεκύδης
2237 1201 2273 1238 ἐν

1240 1254 1400 1308 πρώτῳ).

1726 1315 1785 1353 14.

1294 1345 1423 1413 Schol.
1441 1374 1622 1424 Apollon.
1631 1377 1680 1419 ΙΙ,
1694 1381 1815 1420 1214:
1829 1372 1916 1413 Ὅτι
1932 1373 1990 1413 ἐπὶ
2007 1374 2066 1414 τὸν
2084 1375 2273 1415 Καύκασον

1240 1431 1434 1486 κατέφυγεν
1446 1435 1464 1471 ὃ
1477 1431 1605 1487 Τυφὼς
1619 1431 1827 1483 διωκόμενος
1837 1463 1848 1481 ,
1866 1431 1928 1470 καὶ
1943 1431 1998 1471 ὅτι
2013 1433 2201 1485 καιομένου
2213 1438 2275 1473 τοῦ

1241 1489 1340 1544 ὅρους
1360 1489 1484 1544 ἔφυγεν
1501 1491 1629 1529 ἐκεῖθεν
1653 1492 1701 1535 εἰς
1721 1489 1887 1539 Ἰταλίαν,
1908 1489 1995 1530 ὅπου
2013 1491 2078 1539 τὴν
2097 1494 2275 1540 Πιθηκοῦ-

1241 1564 1306 1587 σαν
1323 1550 1419 1602 αὐτῷ
1438 1551 1683 1603 περιῤῥιφῆναι
1699 1549 1803 1602 (cod.
1817 1551 1935 1588 Paris.
1955 1553 2198 1605 περιρρυῆναι)
2212 1554 2274 1599 νῆ-

1241 1623 1313 1658 σον,
1335 1607 1539 1661 Φερεκύδης
1559 1610 1594 1647 ἐν
1609 1611 1653 1661 τῇ
1672 1608 1829 1662 θεογονίᾳ
1846 1611 1988 1663 ἱστορεῖ.

1726 1681 1785 1719 15.

1271 1738 1475 1807 ”Apollod
1500 1741 1573 1786 III,
1602 1752 1663 1786 12,
1690 1740 1738 1777 6.
1758 1738 1963 1800 Φερεκύδης
1982 1739 2020 1778 δέ
2038 1755 2137 1794 φησι,
2158 1743 2275 1781 Τελα-

1241 1799 1342 1848 μῶνα
1356 1796 1469 1851 φίλον,
1484 1798 1546 1835 οὔκ
1560 1797 1707 1851 ἀδελφὸν
1718 1796 1870 1845 Πηλέως
1882 1801 1989 1846 εἶναι,
2006 1798 2097 1838 ἀλλὰ
2111 1800 2273 1840 Ἀκταίου

1238 1856 1348 1895 παῖδα
1365 1855 1424 1895 καὶ
1436 1855 1600 1904 Γλαύκης
1616 1859 1678 1904 τῆς
1693 1855 1873 1910 Κυχρεως.
1889 1860 1963 1895 Pro
1978 1857 2152 1908 Ἀκταίου,
2159 1860 2274 1915 qgiod

1232 1918 1315 1970 jam
1333 1916 1466 1967 AEgius
1480 1915 1595 1954 obelo
1615 1915 1778 1964 notavit,
1801 1915 1972 1966 Heynius
1992 1907 2274 1957 restituendum

1238 1983 1351 2026 putat
1366 1974 1541 2028 ’.Ακτορος

1292 2092 2275 2169 801101.Ρ111(131’.Νο111.ΙὙ,81.;,ΕοικενὸΠίνδαρος

1241 2151 1473 2204 μνημονεύειν
1494 2155 1555 2190 τοῦ
1578 2151 1772 2201 Θετιδείου,
1795 2151 1876 2206 περὶ
1899 2156 1939 2190 οὗ
1959 2153 1994 2191 ἐν
2013 2168 2144 2206 πρωτῳ
2159 2155 2273 2207 Φερε-

1239 2210 1392 2258 κύδης
1355 2226 1444 2249 ουτω
1458 2209 1627 2265 γράφειπ(
1638 2210 1688 2249 Ἔ
1690 2225 1794 2248 πειτα
1809 2210 1982 2258 Πηλευς”
1958 2226 2072 2264 ῳχετο
2082 2213 2128 2255 εἷς
2143 2211 2274 2260 Φθίαν,

1243 2321 1370 2354 Cereris
1385 2321 1547 2362 sacerdos,
1564 2330 1671 2362 neque
1685 2320 1734 2353 fas
1746 2323 1796 2354 est
1811 2321 1897 2353 hanc
1907 2321 2076 2362 degustare
2087 2331 2162 2363 quae
2177 2323 2272 2355 sacri-

1240 2369 1336 2402 ficata
1348 2370 1438 2402 sunt.
1726 2418 1742 2450 1
1752 2418 1772 2450 2
2010 2389 2022 2394 --

1282 2469 1500 2511 Triptolemus
1513 2468 1631 2501 Oceani
1647 2477 1689 2501 ex
1704 2470 1803 2512 Terra
1816 2468 1902 2501 filius
1917 2472 1977 2501 est.

1726 2523 1739 2555 1
1751 2524 1786 2556 3.
2196 2539 2221 2559 ,ιε

1284 2575 1399 2616 Dictys
1421 2577 1454 2607 et
1475 2575 1667 2616 Polydectes
1689 2575 1748 2607 11111
1763 2577 1856 2606 erant
1877 2575 2107 2616 Androthoes,
2123 2576 2271 2608 Castoris

1240 2623 1332 2659 filiae,
1358 2624 1391 2655 et
1411 2621 1628 2662 Peristhenis,
1651 2622 1871 2662 Damastoris,
1894 2621 2019 2663 Nauplii
2033 2645 2044 2662 ,
2066 2623 2206 2663 Neptuni
2228 2631 2268 2655 ex

1240 2672 1420 2710 Amymone

1727 2718 1787 2749 14.

1279 2769 1418 2810 Typhon
1435 2768 1475 2801 ad
1485 2771 1680 2808 Caucasum,
1689 2768 1764 2800 inde
1777 2777 1865 2808 vero,
1882 2770 1992 2800 monte
2005 2747 2149 2808 nsoeuso,
2159 2770 2269 2802 confu-

1238 2816 1284 2856 git
1299 2816 1332 2847 in
1349 2816 1487 2855 Italiam,
1511 2815 1567 2847 ubi
1602 2815 1772 2847 Pithecusa
1787 2793 1917 2847 insu'la
1909 2825 1943 2847 111
1957 2824 2034 2848 011111
2061 2815 2184 2856 dejecta
2206 2818 2267 2850 est.

1238 2865 1352 2895 Narrat
1367 2862 1591 2903 Pherecydes'
1583 2872 1615 2894 in
1633 2862 1829 2903 Theogonia.

1280 2962 1435 2994 Telamon
1445 2962 1571 2994 amicus
1585 2961 1690 3000 Pelei,
1703 2916 1770 2993 1110151
1775 2939 1862 2994 ’vero
1876 2962 1990 2999 frater,
2013 2958 2187 2997 seducaei
2203 2962 2268 3002 (vel

1238 3010 1346 3051 potius
1362 3009 1502 3047 Actoris,
1519 3008 1644 3049 AEginae
1660 3010 1734 3048 post
1748 3008 1874 3040 editum
1894 3017 1935 3040 ex
1951 3010 2034 3040 Jove
2049 3008 2185 3041 AEacum
2200 3018 2267 3042 ma-

1238 3056 1303 3097 riti)
1317 3065 1358 3088 ex
1373 3055 1507 3095 Glauca,
1520 3055 1658 3096 cychrei
1674 3058 1760 3093 nata,
1775 3054 1870 3086 filius.

1723 3108 1737 3140 1
1747 3108 1782 3141 6.

1278 3161 1393 3194 Peleus
1407 3161 1564 3193 lustratur
1585 3159 1626 3191 ab
1638 3161 1762 3200 Euryto
1786 3159 1922 3197 (Phthiae
1940 3159 1974 3190 in
1987 3159 2153 3193 Thessalia
2168 3162 2266 3202 rege),

1238 3209 1366 3242 Actoris
1380 3207 1457 3245 11110,
1474 3207 1568 3248 cuius
1585 3206 1683 3238 filiam
1698 3206 1892 3247 Antigonam
1911 3214 2044 3238 uxorem
2061 3207 2167 3240 duxit.
2190 3208 2266 3248 (sed

1238 3264 1341 3297 quum
1356 3254 1545 3297 imprudens
1566 3256 1727 3294 Eurytum
1746 3253 1970 3287 interfecisset,
1987 3253 2111 3285 Iolcum
2129 3255 2211 3296 fugit
2225 3256 2266 3288 ad

1239 3306 1403 3343 Acastum,
1420 3303 1514 3344 eujus
1530 3311 1623 3341 uxor,
1644 3302 1775 3334 Peleum
1792 3302 1833 3334 ad
1850 3304 2000 3343 stuprum
2016 3303 2136 3335 frustra
2149 3304 2264 3336 sollici-

1237 3354 1321 3391 tans,
1334 3351 1415 3382 salso
1428 3350 1543 3382 nuntio
1555 3349 1674 3389 effecit,
1693 3350 1730 3381 ut
1739 3349 1899 3390 Antigona
1913 3352 2050 3381 mortem
2066 3350 2129 3382 sibi
2144 3351 2265 3384 consei-

1235 3399 1362 3440 sceret).
1379 3400 1456 3431 Haec
1463 3406 1565 3438 quum
1573 3397 1687 3438 laqueo
1698 3397 1806 3429 fauces
1817 3396 1880 3429 sibi
1891 3397 2118 3438 praeclusisset,
2132 3399 2264 3432 «Peleus
