2320 3684
747 102 1070 143 PHILOCHORI
1098 101 1434 142 FRAGMENTA.

517 191 582 228 66.

2083 108 2159 142 395

1183 191 1344 229 Numeri
1370 189 1571 241 depravati
1596 202 1645 228 ex
1672 187 1922 227 antecedente
1947 188 2162 241 fragmento

91 247 234 285 Athen.
253 247 359 298 XIV,
374 258 412 295 9,
427 257 464 295 p.
483 241 846 295 637,Ἐ;Φιλόχορος
861 241 891 280 δ’
914 243 950 280 ἐν
969 241 1069 295 τρίτῃ
1129 249 1346 301 corrigendi
1376 257 1477 288 sunt,

36 302 461 356 Ἀτθίδος,«Λύσ-ανδρος,
481 300 600 356 φησὶν,
615 303 634 340 ὁ
657 299 849 344 Σικυώνιος
867 299 1071 354 κιθαριστὴς

35 366 172 418 πρῶτος
183 361 377 415 μετέστησε
394 359 457 408 τὴν
469 358 806 414 ψιλοκιθαριστικὴν,
819 358 974 413 μακροὺς
993 358 1072 403 τοὺς

34 421 154 466 τόνους
175 421 344 468 ἐντείνας,
367 419 428 459 καὶ
446 418 510 467 τὴν
534 419 651 474 φωνὴν
675 418 815 471 εὔογκον
834 418 996 467 ποιήσας,
1011 418 1071 457 καὶ

36 479 100 527 τὴν
129 478 272 518 ἔναυλον
300 477 488 531 κιθάρισιν,
512 471 689 531 ᾗπρῶτοι
717 479 749 515 οἱ
777 478 858 530 περὶ
885 476 1072 528 Ἐπίγονον

37 538 244 592 ἐχρήσαντο.
263 536 335 577 Καὶ
346 535 514 591 περιελὼν
532 535 595 584 τὴν
611 536 791 575 συντονίαν
808 535 872 583 τὴν
887 534 1071 589 ὑπάρχου-

38 612 103 636 σαν
132 598 168 636 ἓν
196 602 267 640 τοῖς
288 597 402 650 ψιλοῖς
423 598 660 649 κιθαρισταῖς,
687 593 863 649 χρώματά
886 610 924 633 τε
944 593 1074 647 εὔχροα

37 658 175 709 πρῶτος
192 655 366 709 ἐκιθάρισε
385 654 445 693 καὶ
472 653 622 707 ἷαμὸοὺς
652 654 713 692 καὶ
733 654 900 706 μάγαδιν,
919 653 978 692 τὸν
1004 669 1074 692 κα-

37 713 205 766 λούμενον
230 712 409 769 συριγμόν.
429 713 501 752 Καὶ
524 713 669 767 ὄργανον
694 711 866 764 μετέλαὸε
887 712 990 764 μόνος
1004 714 1074 751 τῶν

38 773 107 828 πρὸ
126 777 251 812 αὐτοῦ·
276 773 336 812 καὶ
352 771 392 811 τὸ
409 778 558 827 πρᾶγμα
580 771 744 820 αὐξήσας,
762 769 866 825 χορὸν
886 770 1076 825 περιεστή-

39 847 126 871 σατο
141 834 290 886 πρῶτος.
308 850 324 866 ν

93 895 170 930 Res
198 900 325 930 tamen
353 890 434 942 jam
453 904 476 929 a
493 891 694 929 Pisistrato
719 889 918 939 instituta,
949 898 994 927 ut
1023 889 1078 928 ait

39 950 236 989 Plutarch.
260 950 402 989 Solone
423 963 456 988 c.
477 951 539 987 31.

340 1007 404 1046 67.
435 1008 608 1059 [Olymp.
630 1007 694 1054 55,
728 1007 777 1059 1.]

93 1066 281 1113 Harpocr.
316 1075 356 1100 v.
381 1059 581 1101 Ἀδύνατοιε
669 1061 716 1099 Οἱ
740 1059 835 1104 ἐντὸς
853 1062 960 1113 τριῶν
982 1062 1078 1112 μνῶν

40 1119 270 1173 κεκτημένοι,
288 1120 329 1159 τὸ
357 1123 463 1173 σῶμα
493 1118 757 1173 πεπηρωμένοι.
783 1117 1013 1170 Ἔλάμὸανον
1041 1118 1078 1157 δὲ

41 1173 135 1219 οὗτοι
158 1177 424 1231 δοκιμασθέντες
449 1177 517 1217 ὑπὸ
540 1180 602 1225 τῆς
629 1179 755 1230 βουλῆς
775 1176 834 1215 δύο
856 1176 1000 1222 ὀὸολοὺς
1019 1180 1081 1225 τῆς

42 1238 178 1292 ἡμέρας
196 1238 347 1286 ἑκάστης
359 1268 369 1286 ,
391 1236 415 1285 ἢ
438 1237 575 1286 ὀὸολὸν,
589 1236 637 1280 ὥς
657 1252 761 1290 φησιν
779 1236 1022 1291 Ἀριστοτέλης
1044 1239 1079 1276 ἐν

43 1297 234 1345 Ἀθηναίων
262 1296 440 1350 πολιτείᾳ’
469 1298 516 1341 ὡς
541 1295 577 1335 δὲ
605 1294 806 1350 Φιλόχορός
833 1311 952 1349 φησιν,
981 1295 1081 1335 ἐννέα

43 1355 204 1410 δραχμὰς
225 1357 317 1395 κατὰ
332 1359 437 1408 μῆνα.

98 1416 235 1454 Suidas
258 1415 297 1453 h.
332 1430 368 1453 v.
402 1423 440 1453 et
474 1418 642 1452 Zonaras
675 1415 714 1451 in
750 1417 842 1452 Lex.
872 1428 912 1466 p.
945 1421 992 1460 42
1019 1414 1080 1452 ed.

43 1475 176 1514 Tittm.
207 1489 296 1513 cum
322 1478 549 1525 Harpocrat.
579 1475 848 1522 consentiunt,
875 1475 950 1512 nisi
978 1474 1084 1526 quod

43 1535 108 1572 ille
128 1542 216 1585 post
251 1537 313 1581 τῆς
340 1534 465 1586 βουλῆς
485 1533 593 1570 addit
612 1534 681 1570 τῶν
701 1532 954 1572 πεντακοσίων.
977 1534 1083 1571 Pha-

4 1642 7 1644 ,
43 1593 202 1632 vorinus
236 1601 273 1631 et
309 1592 524 1643 Hesychius
557 1592 596 1630 h.
620 1605 658 1629 v.
689 1591 910 1630 Philochori
941 1606 1084 1630 nomen

46 1654 244 1692 omittunt.

100 1761 193 1796 Lex.
221 1758 324 1797 ined.
360 1758 459 1797 Bibl.
489 1704 606 1796 Coeiffl'.
633 1756 738 1808 apud
771 1757 924 1808 Taylor.
945 1758 994 1795 ad
1014 1761 1086 1808 Ly-

47 1818 143 1856 siam
178 1817 269 1871 Περὶ
310 1816 495 1866 ἀδυνάτου,
543 1816 670 1855 Reisk.
702 1825 794 1854 tom.
815 1820 869 1866 V,
907 1830 944 1868 p.
981 1818 1057 1865 738
1078 1833 1086 1855 :

48 1875 240 1916 Ἀδύνατοι.
276 1878 322 1916 Οἱ
353 1875 457 1931 μέρος
481 1891 516 1913 τι
541 1873 782 1928 βεὸλαμμένοι
810 1879 871 1914 τοῦ
904 1874 1086 1928 σώματος,

49 1936 96 1980 ὥς
118 1934 207 1988 μηδὲ
240 1935 466 1990 ἐργάζεσθαι·
490 1934 523 1973 οἳ
541 1934 602 1973 καὶ
619 1935 854 1988 ἐχορηγοῦντο
873 1934 917 1974 τὰ
940 1935 1026 1989 πρὸς
1048 1935 1088 1974 τὸ

49 1995 110 2046 ζῆν
141 1993 239 2049 παρὰ
274 1998 337 2042 τῆς
360 1994 516 2044 πόλεως,
556 1993 857 2048 μισθοφορούντων
884 1997 999 2034 αὐτῶν
1017 1997 1087 2034 τῶν

24 2096 29 2097 ⁷
49 2053 142 2098 ἐντὸς
159 2057 263 2108 τριῶν
285 2057 381 2106 μνῶν
397 2053 599 2107 περιουσίαν
624 2053 864 2105 κεκτημένων.
890 2054 1089 2106 Ἐδοκιμά-

49 2114 148 2159 ζοντο
162 2113 198 2152 δὲ
215 2116 246 2152 οἱ
260 2113 422 2152 ἀδύνατοι
438 2113 506 2152 ὑπὸ
523 2117 584 2161 τῆς
598 2114 666 2151 τῶν
686 2112 721 2168 φ’
736 2115 863 2166 βουλῆς
874 2145 883 2162 ,
903 2114 964 2152 καὶ
979 2113 1090 2167 ἐλάμ-

51 2171 154 2211 ὅανον
184 2175 249 2220 τῆς
276 2172 429 2227 ἡμέρας,
459 2175 506 2216 ὡς
538 2172 600 2225 μὲν
621 2172 755 2216 Λυσίας
770 2203 779 2220 ,
797 2172 921 2211 ὀὸολὸν
942 2172 1003 2212 ἕνα
1017 2204 1027 2223 ,
1043 2175 1090 2217 ὡς

52 2229 88 2269 δὲ
105 2231 303 2285 Φιλόχορος
314 2264 324 2281 ,
345 2232 380 2270 ε’·
398 2230 638 2285 Ἀριστοτέλης
649 2231 704 2280 δὲ,
724 2231 768 2284 β’,
785 2230 865 2286 ἔφη.

1185 378 1443 429 Harpocratio
1466 392 1475 415 :
1519 375 1741 431 Τρικέφαλος
1785 378 1803 415 ὁ
1831 375 1992 429 Ἑρμῆς,
2047 374 2166 430 ὥσπερ

1132 434 1305 474 διδάσκων
1329 435 1391 480 τὰς
1418 435 1515 481 ὁδοὺς
1549 436 1610 474 καὶ
1639 435 1731 488 ἔχων
1755 435 1976 490 ὑπογραφὴν,
2002 439 2070 474 ποῦ
2102 434 2166 487 μὲν

1132 493 1221 541 αὕτη
1247 493 1342 547 φέρει
1366 498 1388 542 ἡ
1409 495 1503 543 ὁδὸς,
1520 498 1587 533 ποῦ
1606 493 1642 533 δὲ
1662 495 1791 543 ἐκείνη.
1808 494 1912 539 Ἴσως
1928 493 1965 533 δὲ
1981 494 2067 548 πρὸς
2083 495 2169 535 ἑκά-

1134 568 1220 601 στην
1244 553 1321 592 ὁδὸν
1342 554 1496 608 κεφαλὴν
1519 549 1633 607 εἶχεν·
1654 553 1729 592 ἔστι
1752 554 1788 594 δὲ
1810 557 1829 593 ὃ
1853 553 1990 598 ἀναθεὶς
2013 553 2071 592 τὸν
2091 570 2170 608 τρι-

1134 611 1284 666 κέφαλον
1301 611 1440 666 Ἑρμῆν
1456 616 1516 661 (ὡς
1529 612 1728 667 Φιλόχορός
1745 629 1848 667 φησιν
1872 615 1908 653 ἐν
1925 613 2042 667 τρίτῃ)
2067 615 2169 668 Προ-

1133 672 1272 720 κλείδης
1287 701 1296 717 ,
1315 671 1512 725 Ἱππάρχου
1526 673 1686 727 ἐραστής.

1190 732 1345 770 Ultimis
1363 731 1477 782 hujus
1507 733 1581 769 loci
1602 732 1728 770 verbis
1755 732 1796 770 in
1815 735 1887 771 Ms.
1914 732 2015 770 Med.
2048 746 2172 771 anne-

1136 799 1294 828 ctuntur
1317 791 1428 829 haec:
1456 792 1591 829 Τοῦτον
1613 790 1650 829 δέ
1670 806 1755 845 φησι
1781 790 1979 845 Φιλόχορος
2009 793 2044 831 ἐν
2072 790 2173 845 τρίτῃ

1139 848 1333 897 Εὐκλείδην
1357 851 1536 889 ἀναθεῖναι
1565 848 1753 902 Ἀγκύλησι
1780 851 1894 902 (pago
1921 851 2079 898 Attico).
2099 851 2175 889 Sed

1137 922 1278 947 nomen
1293 908 1488 955 Εὐκλείδης
1502 922 1579 946 non
1596 909 1722 946 minus
1738 922 1852 958 quam
1868 910 1976 960 qnod
1992 910 2032 947 in
2047 913 2174 960 Etym.

1137 971 1189 1006 M.
1218 976 1258 1006 et
1289 967 1510 1006 Phavorino
1546 968 1685 1017 legitur
1723 967 1985 1020 Πατροκλείδης
2021 982 2069 1006 ex
2104 981 2178 1005 no-

1137 1028 1241 1064 mine
1262 1025 1481 1080 Προκλείδης
1499 1027 1753 1078 depravatum
1772 1039 1856 1064 esse
1873 1027 2039 1064 videtur.
2060 1027 2178 1078 Apud

1138 1086 1294 1124 Snidam
1315 1094 1353 1123 et
1371 1086 1553 1125 Photium
1585 1086 1625 1123 in
1656 1088 1751 1123 Lex.
1783 1093 1821 1123 et
1850 1086 2029 1137 Apostol.
2062 1090 2176 1124 Prov.

1139 1147 1260 1193 XIX,
1291 1145 1354 1194 51,
1382 1153 1609 1196 repetuntur
1630 1144 1947 1195 Harpocrationis
1965 1144 2098 1183 verba.

1626 1208 1688 1245 70.
2228 1228 2230 1230 ·

1196 1268 1322 1306 Schol.
1356 1268 1464 1306 Pind.
1510 1269 1623 1318 Pyth‚
1661 1270 1747 1315 VII,
1772 1280 1818 1317 9:
1843 1265 2012 1318 Λέγεται,
2041 1265 2094 1304 ὅτι
2122 1266 2179 1305 τὸν

1142 1326 1297 1365 Πυθικὸν
1314 1326 1396 1365 ναὸν
1418 1326 1679 1381 ἐμπρησθέντα,
1691 1325 1737 1370 ὥς
1750 1342 1868 1380 φασιν,
1891 1325 1958 1364 ὑπὸ
1973 1327 2042 1363 τῶν
2057 1328 2182 1364 ΙΙεισι-

1143 1386 1335 1439 στρατιδῶν
1356 1388 1388 1424 οἳ
1412 1386 1685 1437 Ἀλκμαιωνίδαι
1701 1384 1970 1441 φυγαδευθέντες
1992 1384 2049 1423 ὑπ’
2068 1386 2182 1423 αὐτῶν

1143 1443 1339 1498 ὑπέσχοντο
1362 1447 1656 1497 ἀνοικοδομῆσαι,
1697 1446 1757 1484 καὶ
1794 1444 1972 1496 δεξάμενοι
1989 1443 2182 1498 χρήματα,

1143 1503 1203 1542 καὶ
1222 1504 1472 1556 συναγαγόντες
1496 1505 1642 1557 δύναμιν
1661 1505 1824 1543 ἐπέθεντο
1837 1509 1908 1547 τοῖς
1932 1503 2185 1556 Πεισιστρατί-

1145 1563 1240 1611 δαις,
1275 1563 1336 1602 καὶ
1360 1563 1564 1611 νικήσαντες
1601 1564 1686 1616 μετ”
1707 1561 1986 1617 εὐχαριστηρίων
2012 1562 2183 1601 πλειόνων

1145 1622 1420 1675 ἀνῳκοδόμησαν
1434 1626 1484 1677 τῷ
1499 1626 1566 1677 θεῷ
1582 1623 1622 1662 τὸ
1631 1622 1786 1675 τέμενος,
1807 1624 1854 1666 ὣς
1875 1621 2074 1674 Φιλόχορος
2093 1623 2180 1659 ἱστο-

1169 1699 1211 1722 ει.

1149 1698 1165 1736 ρ
1201 1743 1256 1781 Cs.
1278 1741 1463 1780 Herodot.
1490 1744 1550 1788 ΙΙ,
1576 1741 1673 1789 180;
1706 1743 1757 1790 V,
1785 1742 1833 1778 62
1855 1744 2046 1789 3Pausan.
2073 1743 2131 1789 X,
2163 1741 2184 1778 5

1147 1810 1244 1840 extr.

1407 1865 1470 1903 71.
1501 1866 1675 1917 [Olymp.
1690 1869 1849 1914 LXVII,
1868 1867 1921 1917 4.]

1200 1934 1391 1983 Harpocr.
1424 1945 1460 1969 v.
1488 1930 1705 1979 Ἀλωπεκαὶ,
1732 1931 1839 1982 δῆμος
1869 1933 1931 1978 τῆς
1956 1929 2184 1982 Ἀντιοχίδιςε

1205 1990 1319 2030 Πόθεν
1348 1988 1385 2029 δὲ
1404 1989 1676 2041 ὠνομάσθησαν,
1707 1989 1908 2042 Φιλόχορος
1936 1991 1971 2028 ἐν
2007 1992 2050 2042 τῆ
2085 1989 2186 2044 τρίτῃ

1148 2051 1288 2147 0issi-Olim
1303 2109 1405 2147 idem
1421 2108 1561 2160 legitur
1579 2108 1680 2160 apud
1699 2108 1962 2147 Phavorinum
1979 2109 2017 2146 h.
2036 2122 2071 2146 v.

1642 2172 1704 2210 72.

1205 2235 1396 2284 Harpocr.
1415 2247 1450 2271 v.
1469 2235 1662 2286 Κεραμεῖςε
1749 2230 1869 2282 Δῆμός
1897 2232 1971 2269 ἐστι
1997 2232 2107 2285 φυλῆς
2127 2233 2190 2278 τῆς

56 2307 2182 2330 ῌἬ-ῄ-ψ-ᾑῇ-ῄ-

93 2396 308 2428 Philochorus
357 2395 391 2427 in
429 2395 526 2428 tertio
558 2396 640 2428 libro
675 2396 820 2428 Atthidis
847 2396 918 2429 haec
951 2396 1064 2429 scribit
1081 2407 1089 2429 z

55 2455 72 2471 «ι
88 2442 257 2483 Lysander
275 2442 447 2483 Sicyonius
470 2442 636 2475 citharista
658 2443 783 2484 primus
807 2443 946 2475 mutavit
962 2443 1090 2485 psiloci-

51 2489 270 2530 tharisticam,
286 2490 400 2530 longos
415 2498 533 2522 nervos
556 2490 746 2531 intendens,
762 2492 792 2522 el
810 2499 924 2522 vocem
947 2491 1086 2532 amplam

53 2536 257 2577 spissamque
273 2537 403 2576 faciens,
422 2538 453 2568 et
465 2537 599 2570 'citharae
611 2539 744 2569 cantum
760 2537 848 2569 tibiae
863 2538 1088 2570 intermixtum

57 2583 227 2624 adhibens,
238 2593 308 2625 vquo
321 2585 447 2625 primus
461 2593 543 2616 usus
559 2586 628 2616 erat
649 2584 826 2625 Epigonus.
845 2584 946 2625 Igitur
966 2584 1093 2616 sublata

59 2630 276 2663 macritudine
291 2654 298 2666 ,
323 2640 398 2672 quae
423 2631 529 2663 fuerat
554 2632 587 2663 in
613 2631 940 2673 psilocitharistarum
969 2634 1066 2664 cantu
1083 2656 1093 2672 ‚

55 2679 222 2711 chromata
239 2679 321 2712 bene
336 2679 477 2711 colorata
490 2680 614 2721 primus
630 2680 753 2712 cithara
776 2682 951 2712 exsecutus
968 2683 1039 2721 est,
1059 2683 1092 2712 et

57 2726 184 2759 iambos
198 2750 208 2766 ,
236 2730 269 2759 et
296 2727 444 2768 magadin
472 2737 568 2768 quem
593 2729 713 2760 vocant
731 2728 889 2760 sibilum:
913 2729 946 2760 et
967 2728 1094 2769 primus

57 2774 203 2806 omnium
218 2775 358 2807 mutavit
371 2776 636 2807 instrumentum.
657 2775 816 2816 Denique,
836 2779 1008 2816 postquam
1027 2784 1094 2807 rem

55 2820 159 2862 ipsam
169 2821 389 2862 locupletavit,
397 2823 532 2854 chorum
542 2823 641 2855 etiam
651 2822 776 2864 primus
783 2824 869 2856 circa
880 2824 1095 2856 seiustituit.»

92 2915 526 2955 'Assfivmot,1nvalidi.—Qui
543 2918 627 2949 intra
641 2917 746 2950 minas
761 2919 828 2950 tres
843 2918 1050 2958 possiderent
1065 2921 1098 2952 et

59 2961 213 2994 membris
229 2965 337 2995 essent
345 2964 463 3003 mutili,
481 2964 516 3005 ii,
532 2973 552 2996 a
566 2967 678 2996 senatu
693 2965 878 3006 approbati,
893 2965 976 2997 duos
985 2966 1098 2998 obolos

58 3007 93 3041 in
107 3009 176 3042 dies
192 3010 336 3051 singulos
353 3010 403 3043 vel
416 3020 516 3043 unum
533 3011 666 3044 obolum
682 3012 901 3054 accipiebant,
919 3016 954 3045 ut
970 3014 1014 3046 ait
1031 3015 1098 3046 Ari-

59 3055 190 3088 stoteles
212 3056 245 3088 in
259 3056 434 3098 Republica
456 3058 701 3090 Atheniensium
715 3069 724 3099 ;
745 3062 780 3091 ut
794 3068 873 3092 vero
887 3060 1099 3093 Philochorus

59 3100 159 3143 dicit,
184 3102 357 3136 drachmas
372 3113 491 3136 novem
504 3105 538 3136 in
553 3114 709 3138 mensem.

101 3196 255 3238 Invalidi,
277 3200 366 3239 parte
381 3198 491 3240 aliqua
515 3200 659 3241 corporis
681 3200 835 3242 mutilati,
858 3203 896 3233 ut
914 3210 1014 3234 manu
1042 3210 1101 3234 sua

61 3242 184 3275 victum
200 3253 343 3285 quaerere
363 3254 429 3277 non
442 3248 586 3287 possent.
613 3247 641 3279 Ii
677 3247 806 3288 publice
836 3248 1017 3288 alebantur,
1046 3249 1099 3281 sti-

61 3289 178 3331 pendio
207 3290 282 3322 dato
307 3291 350 3323 iis
377 3301 517 3332 quorum
542 3294 666 3326 reditus
693 3298 762 3326 erat
789 3295 874 3326 intra
898 3297 964 3327 tres
982 3295 1099 3331 minas,

63 3338 338 3371 Examinabantur
350 3348 430 3371 vero
440 3339 573 3374 invalidi
583 3351 602 3374 a
614 3344 727 3374 senatu
736 3342 991 3384 quingentorum
1003 3345 1100 3384 atque

1151 2343 1355 2384 accipiebant
1381 2343 1515 2384 singulis
1535 2343 1650 2375 diebus
1665 2342 1844 2375 secundum
1864 2342 1994 2383 Lysiam
2021 2342 2187 2383 singulos,

1151 2391 1331 2423 secundum
1352 2391 1583 2423 Philochorum
1609 2390 1728 2432 quinos
1742 2413 1752 2430 ,
1775 2390 1955 2422 secundum
1983 2389 2190 2422 Aristotelem

1152 2438 1244 2471 binos
1261 2438 1386 2470 obolos.

1640 2491 1703 2525 69.

1194 2545 1338 2586 Triceps.
1354 2544 1550 2579 Mercurius,
1567 2547 1604 2576 ut
1622 2543 1821 2575 monstrator
1835 2542 1961 2574 viarum
1973 2564 1982 2580 ,
1998 2541 2032 2572 et
2046 2540 2097 2572 cui
2117 2539 2191 2571 sub-

1156 2593 1314 2634 scriptum
1328 2595 1396 2624 erat
1408 2615 1417 2630 ‚
1430 2600 1575 2632 quonam
1590 2592 1661 2623 haec
1673 2591 1727 2622 via
1740 2615 1748 2630 ,
1763 2591 1796 2622 et
1814 2597 1955 2629 quonam
1978 2587 2031 2619 illa
2047 2587 2189 2619 duceret.

1152 2642 1249 2672 Forte
1266 2643 1375 2672 autem
1391 2641 1488 2680 caput
1506 2639 1546 2670 ad
1561 2638 1647 2670 viam
1657 2644 1919 2677 unamquamque
1930 2642 2122 2666 conversum
2142 2633 2193 2664 ha-

1153 2687 1260 2720 bebat·
1288 2686 1487 2719 Mercurium
1511 2685 1684 2726 tricipitem
1714 2682 1877 2714 dedicavit
1891 2705 1899 2721 ,
1925 2683 1960 2712 ut
1978 2680 2190 2712 Philochorus

1154 2733 1250 2765 refert
1264 2733 1348 2765 libro
1362 2733 1470 2772 tertio,
1485 2732 1650 2764 Proclides
1668 2729 1877 2771 (Patroclides
1890 2752 1899 2768 ‚
1917 2726 2083 2767 Euclides)
2113 2726 2191 2767 Hip-

1155 2781 1266 2822 parchi
1285 2783 1422 2813 amator.

1197 2887 1344 2920 Tradunt
1372 2886 1610 2919 Alcmaeonidas
1621 2908 1630 2923 ‚
1658 2892 1741 2924 quos
1775 2880 1988 2914 Pisistratidae
2010 2881 2189 2919 ejecerant,

1156 2936 1319 2978 pollicitos
1334 2945 1416 2974 esse,
1437 2944 1471 2966 se
1487 2933 1644 2974 templum
1660 2931 1832 2972 Pythicum
1844 2952 1853 2968 ‚
1869 2929 1910 2960 ab
1926 2928 1990 2960 illis
2002 2952 2011 2968 ,
2026 2929 2063 2959 ut
2078 2927 2189 2979 aiunt,

1158 2984 1368 3015 combustum
1381 3006 1389 3022 ,
1413 2983 1651 3013 restauraturos
1672 2987 1743 3010 esse
1755 3001 1764 3017 ‚
1788 2978 1886 3017 atque
1902 2974 2025 3007 coactis
2045 2981 2191 3015 pecuniis

1157 3030 1323 3071 copiisque
1338 3029 1497 3060 invasisse
1511 3028 1543 3059 in
1552 3025 1786 3064 Pisistratidas,
1798 3022 2028 3064 hisquessvictis‚
2044 3029 2119 3052 cum
2128 3028 2192 3051 ma-

1155 3077 1278 3119 joribus
1286 3076 1396 3117 gratiis
1403 3075 1584 3107 restituisse
1593 3074 1653 3106 deo
1660 3072 1829 3113 templum.
1844 3071 1960 3103 Narrat
1966 3069 2190 3102 Philochorus.

1200 3189 1371 3228 Alopecoe,
1392 3186 1532 3228 populus
1547 3184 1751 3218 Antiochidis
1766 3183 1884 3216 tribus.
1954 3182 2047 3214 Unde
2073 3189 2191 3213 nomen

1157 3235 1342 3274 habuerint,
1364 3234 1579 3266 Philochorus
1595 3233 1678 3264 libro
1693 3231 1788 3264 tertio
1805 3230 1958 3263 declarat.

1203 3342 1369 3381 Cerameoe',
1383 3342 1433 3372 est
1449 3340 1588 3382 populus
1601 3337 1820 3372 Acamantidis
1836 3336 1950 3370 trihus.
2024 3335 2190 3367 Philocho-
