2294 3704
937 107 1004 146 DE
1032 108 1335 150 BELLANlCO.

84 202 178 239 Nam
197 196 358 237 offendit
375 197 538 247 Lydium
559 208 698 233 nomen
720 207 806 232 cum
828 197 964 232 Graeco
992 209 1103 233 com-

81 257 327 309 positum(1),
345 255 497 294 dubitat
515 254 654 293 Strabo
676 253 724 291 de
750 253 939 291 Sardibus
947 255 1105 305 ‘patr-ia,

81 330 158 355 uon
185 316 345 367 quadrat
370 313 498 353 Suidae
530 313 578 352 de
610 313 758 351 Xanthi
792 321 901 350 aetate
937 313 1107 350 testimo-

80 376 186 413 nium
206 388 292 413 cum
314 374 361 412 iis
382 386 466 423 quae
484 372 624 409 scimus
642 371 807 409 aliunde.

132 433 263 471 Redeo
281 431 328 469 ad
348 431 473 468 locum
498 431 630 478 Plinii,
648 430 714 468 ubi
734 429 946 470 Candaules
966 430 1108 467 dicitur

82 491 255 530 Bularchi
279 490 468 540 picturam
488 489 573 539 pari
590 488 810 540 rependisse
839 501 944 526 aure.
962 489 1001 526 Si
1023 489 1108 539 qui-

79 549 165 587 dem
187 548 344 587 omnino
361 547 478 585 fuerit
494 548 702 585 Bularchus
723 546 873 585 celeber
889 560 1105 598 pugnarum

79 607 217 659 pictor,
237 620 286 644 ex
315 605 408 643 artis
431 605 543 656 hujus
567 605 671 656 apud
696 609 852 644 Graecos
880 618 1106 656 progressu,

78 665 231 704 nonnisi
246 665 310 702 illa
328 664 480 702 demum
499 672 608 702 aetate
626 677 709 702 esse
724 664 869 715 potuit,
889 677 965 714 qua
977 664 1107 702 floruit

80 723 266 764 Xanthus.
295 726 375 761 Nec
407 722 618 774 quidquam
644 724 874 773 refragatur,
901 723 1107 773 quominus

78 789 140 827 hic
167 789 281 827 talem
312 788 502 839 picturam
522 788 700 825 Bularchi
729 786 928 839 cujusdam
954 801 1105 825 memo—

78 848 238 896 raverit,
257 847 469 899 praesertim
488 859 608 897 quum
627 846 738 884 valde
753 846 988 884 celebratum
1007 855 1107 885 esset

78 906 283 956 Magnesiae
303 905 573 952 infortunium,
588 904 643 942 ita
661 912 705 942 ut
723 903 923 955 Μαγνήτων
945 904 1039 943 κακά
1067 905 1106 942 in

78 964 328 1016 proverbium
352 964 546 1002 abiissent.
568 963 875 1014 Scytobrachion
897 964 1016 1015 igitur
1030 967 1108 1001 Bu-

77 1023 251 1062 larchum
274 1023 324 1061 ad
347 1022 553 1062 Candaulae
578 1031 754 1073 tempora
778 1023 931 1068 retulit3
962 1022 1107 1074 pictori

78 1082 236 1133 impune
253 1082 414 1129 faciens,
434 1082 541 1133 quod
569 1081 755 1119 historico
772 1080 899 1118 facere
919 1094 995 1118 non
1017 1081 1107 1119 lice-

77 1140 155 1180 bat.
181 1141 257 1180 Sed
285 1141 362 1179 alia
396 1141 484 1179 inde
513 1141 677 1192 quaestio
705 1140 840 1178 oritur.
872 1140 1028 1178 Etenim
1059 1141 1108 1179 de

78 1202 303 1250 Magnetum
334 1200 486 1238 excidio
509 1199 582 1238 sub
604 1199 796 1238 Candaule
828 1199 923 1237 nihil
945 1207 1106 1237 constat.

79 1257 219 1296 strabo
255 1259 376 1306 XIV,
414 1271 452 1309 p.
501 1259 573 1296 186
602 1259 776 1297 Tauelm.
802 1258 898 1296 dicit
929 1273 937 1295 :
964 1257 1038 1297 Καὶ
1067 1257 1107 1296 τὸ

77 1315 188 1354 πάλαι
217 1315 346 1363 συνέὸη
381 1321 452 1360 τοῖς
486 1316 673 1367 Μάγνησιν
708 1315 776 1354 ὑπὸ
810 1318 964 1370 Τρηρῶν
999 1316 1107 1368 ἄρδην

78 1374 320 1428 ἀναιρεθῆναι,
360 1376 584 1428 Κιμμερικοῦ
612 1373 739 1418 ἔθνους.
757 1379 897 1414 Treres
926 1375 967 1413 hi
990 1376 1106 1413 iidem

77 1441 180 1482 sunt,
194 1442 237 1471 ut
256 1434 350 1471 mihi
364 1447 588 1484 persuasum
604 1443 673 1483 est,
690 1442 807 1485 atque
822 1434 877 1472 illi
891 1434 959 1485 qui
972 1448 995 1472 a
1008 1438 1107 1485 Scy-

77 1492 155 1530 this
179 1506 227 1531 ex
246 1496 402 1544 Europa
421 1493 524 1544 pulsi
544 1493 683 1533 Sardes
709 1501 897 1545 ceperunt
925 1502 1109 1544 regnante

76 1552 220 1602 Ardye,
239 1561 284 1590 ut
300 1561 431 1591 narrat
447 1553 669 1591 Herodotus
683 1556 719 1597 1,
739 1553 798 1591 15.
820 1557 892 1591 Res
911 1553 1032 1604 igitur
1061 1566 1106 1591 ex

81 1611 269 1649 Herodoti
299 1611 447 1650 calculo
475 1611 661 1650 accidisse
691 1611 809 1650 debet
837 1620 926 1662 post
956 1612 1018 1650 Ol.
1040 1612 1105 1651 25.

77 1670 292 1709 Candaules
313 1670 527 1708 secundum
553 1670 717 1709 eundem
737 1669 818 1721 jam
841 1670 904 1709 01.
925 1671 970 1708 16
988 1683 1010 1708 e
1029 1671 1110 1709 vita
1135 1695 1140 1721 2

76 1728 307 1767 decesserat.
339 1731 469 1776 Quare
498 1730 680 1768 Xanthus
711 1729 862 1780 (nescio
880 1738 1012 1767 utrum
1039 1742 1109 1768 ve-
1135 1726 1140 1762 ἒ

76 1801 143 1826 rus
169 1801 218 1826 an
251 1787 409 1840 falsus),
446 1796 488 1826 ut
518 1801 603 1826 rem
630 1787 679 1826 ad
707 1787 927 1827 Candaulen
961 1788 1108 1826 referre
1134 1791 1140 1835 ξ

75 1855 227 1898 posset,
247 1855 315 1885 aut
342 1847 446 1885 hunc
472 1848 596 1885 multo
620 1847 826 1895 seriorem,
841 1855 912 1885 aut
936 1847 1106 1886 Cimme-

76 1906 223 1944 riorum
260 1906 502 1945 invasionem
538 1906 660 1943 multo
701 1906 871 1957 priorem
909 1905 1015 1943 fecit.
1052 1910 1106 1945 Ut

75 1965 180 2015 quod
200 1965 327 2016 primo
350 1966 436 2003 loco
463 1964 575 2016 posui
597 1963 780 2015 probem,
797 1971 927 2002 movet
946 1977 1008 2002 me
1027 1967 1106 2003 Ta·-

76 2023 202 2062 tianus
225 2024 382 2076 (Strom.
416 2027 453 2072 Ι,
470 2037 509 2075 p.
534 2025 624 2071 327,
644 2024 711 2072 Β),
732 2025 800 2075 qui
821 2025 968 2075 Gygem
993 2025 1106 2075 ponit

75 2082 138 2120 Ol.
159 2084 288 2122 23.Ne
304 2083 358 2121 ibi
375 2083 461 2121 cum
481 2083 661 2123 Clintone
680 2083 722 2134 (p
764 2083 840 2120 310
858 2082 918 2121 ed.
934 2083 1104 2136 Kriiger)

76 2141 246 2179 medium
264 2143 373 2193 regni
390 2152 562 2192 tempus,
583 2141 650 2180 sed
669 2142 839 2192 primum
859 2141 942 2192 ejus
958 2156 1104 2181 annum

75 2200 311 2252 designatum
327 2201 494 2249 credam,
504 2201 638 2239 suadet
652 2201 798 2239 Plinius
808 2201 922 2253 (Η.Ν.
932 2204 1102 2251 XXXV,

77 2258 141 2311 8),
157 2260 224 2310 qui
243 2277 259 2293 «ι
272 2260 596 2298 Duodevicesima
614 2259 847 2310 Olympiade
867 2260 942 2312 (Ol.
964 2261 1023 2308 18,
1044 2260 1102 2312 4),

75 2318 147 2366 ait,
161 2318 311 2356 interiit
329 2318 564 2365 Candaules,
582 2326 665 2366 aut,
685 2327 726 2355 ut
742 2318 899 2370 quidam
923 2320 1100 2373 tradunt,

75 2377 209 2415 eodem
230 2391 332 2415 anno
351 2390 429 2428 quo
439 2378 666 2415 Romulus.»
682 2378 908 2428 Igiturduas
918 2378 1102 2417 habemus

76 2435 367 2486 chronologias,
385 2444 531 2486 septem
544 2436 843 2487 olympiadibus
857 2437 958 2475 inter
982 2451 1023 2476 se
1041 2438 1100 2476 di-

76 2501 236 2542 stantes,
271 2507 436 2545 quarum
461 2495 617 2533 alteram
654 2496 876 2534 Herodotus
911 2497 1101 2548 sequitur,

75 2552 184 2590 alteri
212 2552 394 2591 Xanthus
418 2552 593 2591 addictus
616 2554 733 2592 fuisse
764 2553 890 2592 debet.
912 2556 975 2592 Sic
1002 2556 1101 2594 enim

75 2610 203 2649 dicere
236 2612 364 2663 potuit
389 2615 587 2663 Magnetes
610 2613 759 2651 excisos
790 2627 872 2652 esse
901 2613 974 2652 sub
1000 2618 1103 2654 Can-

75 2669 200 2708 d'aule.
229 2674 315 2709 Jam
350 2672 382 2709 si
416 2672 557 2710 Strabo
575 2673 718 2724 (Xlll,
742 2687 781 2724 p.
805 2675 897 2721 627,
930 2683 969 2712 et
995 2679 1102 2722 XIV,

76 2743 113 2780 p.
129 2730 221 2782 647)
242 2730 438 2782 duplicem
460 2732 759 2770 Cimmeriorum
785 2741 824 2771 et
846 2736 1010 2772 Trerum
1038 2735 1100 2773 in-

75 2789 272 2827 vasionem
303 2790 559 2842 Sardiumque
585 2793 914 2842 expugnationem
948 2795 1101 2846 statuit,

76 2861 194 2898 quum
208 2856 336 2887 tamen
352 2849 571 2888 Herodotus
584 2864 660 2888 non
680 2851 753 2889 nisi
769 2865 882 2890 unam
901 2861 1101 2904 agnoscat,

117 2955 163 2997 (1)
179 2959 302 2990 Verum
318 2958 418 2999 patris
436 2967 555 2992 nomen
571 2960 706 2993 fortasse
726 2963 794 2993 erat
812 2961 992 3003 Κάνδαλος,
1014 2964 1103 3004 quod

75 3002 167 3035 facile
191 3003 225 3035 in
243 3005 425 3044 Κανδαύλης
443 3005 543 3047 (quod
568 3006 704 3039 fortasse
727 3006 872 3047 ejusdem
893 3008 983 3041 vocis
999 3009 1103 3042 forma

74 3049 174 3090 Lydia
200 3052 261 3091 est,
277 3055 314 3084 ut
325 3053 505 3091 Κανδαύλης
520 3053 562 3085 sit
571 3056 594 3086 I
594 3055 744 3096 llustris)
753 3055 975 3088 transformari
983 3057 1100 3099 potuit,

74 3100 171 3139 atque
185 3101 316 3141 propter
332 3100 597 3142 significationem
621 3103 712 3135 vocis
732 3103 840 3136 locum
864 3104 984 3137 habere
1007 3105 1041 3137 in
1058 3106 1103 3138 sa-

75 3145 162 3178 milia
175 3147 310 3180 Xanthi.
326 3150 407 3180 Nam
421 3148 595 3190 Κάνδαλος,
607 3150 693 3182 sicut
705 3151 821 3191 ξανθὸς,
830 3151 996 3192 primitiva
1011 3162 1101 3185 voca-

75 3191 143 3225 buli
164 3193 412 3236 significatione,
430 3199 480 3228 est
500 3209 506 3226 :
528 3197 722 3238 candidus,
750 3198 964 3239 splendidus.
994 3201 1101 3237 Quare

75 3238 231 3277 Κάνδαλος
245 3242 429 3274 nominatur
442 3243 523 3275 Solis
534 3243 619 3276 filius
628 3268 637 3285 ‚
652 3246 685 3277 et
697 3245 849 3277 Κανδάων
866 3255 983 3278 nomen
998 3247 1100 3287 (Boeo-

75 3285 189 3327 ticum)
209 3289 258 3320 est
273 3289 412 3321 Orionis.
427 3291 532 3322 Tzetz.
552 3290 595 3323 ad
610 3293 769 3333 Lycophr.
794 3296 866 3325 328.
886 3294 930 3325 Ut
952 3293 985 3325 in
1002 3294 1100 3335 Lycia

76 3333 222 3366 xanthus
236 3334 356 3368 fluvius
371 3340 403 3368 et
425 3336 518 3373 urbs,
544 3338 591 3370 sie
606 3339 703 3371 etiam
721 3340 866 3372 Κανδύὸα
885 3340 1052 3381 oppidum.

2086 132 2199 162 xxlu

1165 199 1448 250 simplicissime
1465 200 1546 238 haec
1564 213 1643 246 res,
1663 200 1712 238 de
1734 213 1808 251 qua
1832 199 1994 238 multum
2015 201 2195 254 disputa..

1165 266 1256 295 runt
1281 259 1354 296 viri
1378 259 1457 307 dd.,
1489 259 1704 310 explicatur
1730 273 1778 297 ex
1802 259 1958 309 duplice
1979 260 2044 298 illa
2079 275 2195 312 quam

1166 316 1334 355 indicavi
1350 319 1612 370 chronologia.
1632 319 1899 357 Differentiam
1926 318 2030 356 illam
2048 329 2193 371 septem

1166 375 1441 425 Olympiadum
1470 391 1539 428 per
1565 377 1735 415 omnium
1775 390 1911 429 regum
1932 378 2095 429 imperia
2135 394 2196 419 re-

1166 445 1302 484 gnasse
1315 462 1325 480 ,
1361 435 1523 474 fortasse
1558 436 1647 474 inde
1687 437 1776 474 licet
1809 436 2055 485 concludere,
2091 439 2196 489 quod

1167 492 1306 538 Solon,
1341 506 1430 530 cum
1450 496 1568 533 Croesi
1587 496 1748 534 historia
1767 504 1871 534 arcte
1902 495 2145 546 conjunctus,
2175 512 2197 536 a

1167 550 1331 589 Tatiano
1353 552 1478 603 (Orat.
1494 553 1701 593 adv.Gent.
1718 569 1758 606 p.
1782 553 1870 606 14¹)
1884 555 1945 594 Ol.
1966 561 2024 603 40,
2039 569 2060 593 a
2077 557 2197 594 Suida

1166 622 1259 646 vero
1288 610 1351 647 Ol.
1379 616 1426 658 47
1455 611 1559 661 leges
1591 613 1724 651 tulisse
1751 613 1902 651 dicitur.
1920 617 1974 653 Ut
2005 615 2197 654 Herodoti

1166 668 1302 706 calculi
1340 668 1390 707 ab
1423 670 1499 707 illis
1528 672 1676 709 Xanthi
1707 681 1866 723 septem.
1897 674 2198 725 olympiadibus

1167 725 1331 776 distant,
1359 727 1414 765 sic
1432 727 1622 766 Eusebius
1646 730 1805 767 totidem
1824 731 1933 769 annis
1962 732 2155 784 discrepat
2175 747 2197 771 a

1166 787 1362 823 Marmore
1391 786 1516 823 Pario.
1541 787 1714 836 Alyattes
1746 802 1903 840 regnum
1935 792 2095 843 suscipit
2119 806 2194 830 sec.

1166 844 1306 883 Euseb.
1327 846 1423 893 612,
1440 858 1514 883 sec.
1531 849 1582 884 M.
1602 849 1685 883 Par.
1708 849 1782 884 605
1796 862 1806 894 ;
1820 852 1973 888 Croesus
1989 864 2057 888 rex
2077 851 2196 890 sactus

1167 916 1246 942 sec.
1268 903 1412 942 Euseb.
1435 905 1524 949 563,
1551 917 1626 942 sec.
1654 909 1707 942 M.
1730 907 1815 944 Par.
1839 908 1932 955 5563
1953 912 2075 959 Cyrus
2095 913 2196 962 capit

1172 962 1575 1007 Sardes,sec.ssEuseb.
1604 963 1694 1011 548,
1721 977 1795 1001 sec.
1818 968 1870 1002 M.
1891 966 1980 1010 541.
2000 969 2195 1007 Eandem—-

1167 1034 1242 1072 que
1258 1021 1519 1060 diversitatem
1535 1022 1638 1073 apud
1651 1023 1744 1060 alios
1759 1031 1934 1062 auctores
1948 1025 2185 1075 deprehendi

1168 1081 1232 1118 Sic
1262 1081 1472 1119 secundum
1498 1081 1727 1119 Sosicratem
1752 1082 1839 1133 (ap.
1861 1083 2023 1134 Diogen.
2058 1089 2196 1135 Laert.,

1167 1143 1206 1187 I,
1226 1141 1299 1190 95;
1320 1153 1355 1178 v.
1373 1141 1543 1178 Clinton.
1563 1140 1589 1178 1.
1608 1141 1649 1188 1.,
1665 1154 1704 1192 p.
1724 1142 1823 1189 310)
1843 1145 1969 1192 Gyges
1989 1155 2057 1180 rex
2077 1144 2197 1183 factus

1167 1207 1224 1238 est
1259 1200 1348 1247 715,
1367 1213 1441 1238 sec.
1469 1200 1763 1250 Euphorionem
1781 1200 1833 1252 (v.
1849 1202 1985 1239 Freret
2012 1202 2050 1239 in
2080 1205 2185 1242 Me'm

1166 1260 1214 1295 de
1246 1261 1411 1307 l’Acad.,
1430 1262 1478 1307 V,
1496 1272 1537 1310 p.
1561 1258 1653 1311 317)
1682 1260 1896 1298 Candaules
1925 1261 2089 1299 moritur
2111 1266 2196 1310 708.

1168 1318 1397 1356 Accuratius
1426 1318 1474 1356 de
1501 1319 1560 1356 his
1586 1318 1769 1356 omnibus
1795 1318 1993 1370 disputare
2011 1319 2091 1370 jam
2121 1335 2197 1359 non

1167 1378 1270 1416 licet.
1303 1378 1402 1416 lllud
1436 1387 1586 1417 tantum
1621 1393 1878 1428 moneo‚n0n
1910 1382 2092 1420 fortuitas
2119 1396 2199 1421 esse

1167 1437 1251 1475 illas
1268 1436 1567 1488 discrepantias,
1593 1450 1720 1489 neque
1748 1439 1789 1475 in
1808 1439 1900 1478 solis
1921 1440 2047 1490 regnis
2065 1454 2198 1492 regum

1167 1495 1385 1546 Lydorum,
1405 1496 1472 1533 sed
1489 1509 1560 1546 per
1580 1504 1700 1534 totam
1717 1498 1876 1535 Graeciae
1896 1498 2101 1536 historiam
2122 1500 2195 1537 ob-

1167 1555 1271 1602 vias,
1287 1554 1449 1606 ejusque
1468 1555 1523 1593 rei
1550 1568 1703 1594 caussas
1718 1556 1759 1593 in
1783 1565 1958 1596 veterum
1983 1559 2196 1612 ἀναγραφῶν

1169 1614 1442 1652 constitutione
1461 1626 1543 1651 esse
1562 1614 1798 1664 quaerendas.

1618 1719 1748 1731 -θ-

1417 1784 1936 1844 HELLANICUS.

1221 1910 1464 1959 Hellanicus,
1486 1910 1648 1949 Lesbius
1670 1925 1717 1949 ex
1744 1912 1926 1963 Mytilene
1950 1913 2016 1965 (2).
2045 1917 2194 1952 Patrem

1166 1967 1317 2017 habuit,
1338 1978 1432 2008 teste
1455 1969 1585 2017 Suida,
1603 1978 1670 2008 aut
1688 1971 1982 2020 Andromenem,
1999 1973 2065 2024 qui
2083 1973 2193 2020 idem,

1208 2066 1254 2107 (2)
1283 2066 1399 2100 suidas
1418 2079 1425 2097 z
1448 2069 1648 2109 Ἑλλανικος,
1677 2070 1902 2110 Μυτιληναῖος,
1937 2071 2109 2114 ἱστορικὸς,
2131 2071 2196 2106 υἱὸς

1164 2113 1393 2156 Ἀνδρομένους,
1411 2117 1440 2147 οἱ
1456 2115 1489 2147 δὲ
1503 2116 1750 2159 Ἀριστομένους,
1768 2118 1796 2148 οἱ
1812 2117 1844 2149 δὲ
1860 2118 2045 2160 Σκάμωνος,
2060 2118 2097 2150 οὗ
2113 2119 2203 2159 ὁμώ-

1164 2170 1260 2202 νυμον
1282 2161 1358 2203 ἔσχε
1380 2162 1458 2194 υἱόν.
1476 2163 1619 2206 Διέτριψε
1640 2163 1673 2196 δὲ
1694 2163 1872 2201 Ἑλλάνικος
1894 2176 1946 2196 και
1965 2165 2023 2198 σὺν
2039 2165 2193 2208 Ἡροδότῳ

1163 2208 1248 2251 παρὰ
1273 2209 1404 2251 Ἀμύντᾳ
1431 2213 1477 2252 τῷ
1503 2210 1694 2243 Μακεδόνων
1714 2211 1853 2252 βασιλεῖ,
1873 2223 1954 2243 κατα
1975 2213 2045 2249 τοὺς
2067 2212 2192 2255 χρόνους

1162 2255 1333 2298 Εὐριπίδου
1348 2257 1402 2288 καὶ
1424 2257 1631 2298 Σοφοκλέους·
1651 2258 1705 2289 καὶ
1721 2258 1880 2300 Ἑκαταίῳ
1896 2261 1942 2299 τῷ
1963 2259 2110 2300 Μιλησίῳ
2128 2260 2192 2291 ἐπέ-

1163 2301 1238 2333 eale
1250 2303 1390 2343 γεγονότι
1409 2305 1490 2336 κατὰ
1504 2304 1544 2336 τὰ
1559 2305 1701 2347 Περσικὰ
1718 2306 1772 2337 καὶ
1789 2309 1890 2348 μικρῷ
1913 2305 2005 2348 πρὸς,
2023 2306 2146 2342 ἐξέτεινε
2162 2306 2192 2337 δὲ

1162 2349 1215 2380 καὶ
1230 2350 1319 2393 μέχρι
1341 2353 1403 2382 τῶν
1425 2351 1600 2394 Περδίκκου
1623 2352 1761 2395 χρόνων,
1784 2353 1836 2384 καὶ
1854 2353 2048 2391 ἐτελεύτησεν
2065 2354 2095 2384 ἐν
2117 2354 2191 2394 Περ-

1162 2396 1296 2438 περήνῃ,
1320 2400 1357 2439 τῇ
1383 2398 1452 2429 κατ’
1480 2398 1605 2441 ἀντικρὺ
1620 2399 1755 2431 Αέσὸου.
1782 2399 1998 2442 Συνεγράψατο
2016 2400 2048 2431 δὲ
2064 2400 2191 2431 πλεῖστοι

1161 2445 1261 2480 πεζῶς
1283 2454 1316 2476 τε
1334 2445 1389 2476 καὶ
1405 2448 1586 2484 ποιητικῶς.

1204 2491 1326 2523 Praeter
1347 2491 1551 2524 Hellanicum
1574 2493 1821 2534 Mytilenensem
1845 2498 2066 2525 memorantur
2084 2503 2091 2522 :
2108 2492 2190 2525 Hel-

1163 2537 1301 2570 lanicus
1324 2541 1595 2580 qrammaticus,
1625 2540 1808 2581 Agathoclis
1830 2540 2030 2581 discipulus,
2056 2539 2187 2571 Aristar-

1162 2584 1233 2625 chi,
1258 2587 1296 2617 ut
1320 2585 1463 2626 videtur,
1494 2587 1648 2628 aequalis,
1680 2587 1737 2628 qui
1767 2587 1951 2620 sectabatur
1980 2587 2189 2618 Ptolemaeum

1162 2631 1407 2671 grammaticum
1420 2657 1429 2673 ‚
1454 2634 1537 2667 teste
1559 2634 1659 2666 Suida
1686 2643 1718 2666 v.
1746 2635 1937 2675 Πτολεμαῖος
1964 2633 2187 2676 γραμματικός.

1162 2678 1270 2710 Facile
1282 2679 1336 2711 hic
1348 2687 1422 2711 cum
1432 2681 1545 2712 nostro
1563 2680 1718 2712 confundi
1734 2683 1850 2721 potest.
1865 2679 1960 2711 Plura
1975 2687 2048 2719 quae
2060 2678 2102 2710 ad
2115 2687 2188 2710 eum

1162 2725 1328 2758 referenda
1348 2728 1443 2766 sunt,
1473 2727 1613 2759 indicavi
1636 2727 1677 2759 ad
1697 2727 1817 2759 calcem
1839 2726 2102 2766 fragmentorum.
2134 2725 2188 2764 Cf.

1162 2772 1276 2813 fragm.
1295 2775 1326 2806 7.
1343 2773 1435 2805 Adde
1450 2774 1555 2806 Schol.
1581 2774 1728 2806 vatican.
1755 2773 1797 2804 ad
1819 2772 1929 2813 Eurip.
1950 2774 2056 2805 orest.
2083 2772 2161 2804 1347
2180 2781 2188 2803 τ

1162 2820 1216 2860 Τῷ
1230 2820 1286 2858 τὴν
1306 2820 1416 2863 μικρὰν
1439 2820 1554 2852 Ἰλιάδα
1566 2819 1768 2858 πεποιηκότι·
1792 2819 1826 2850 ὃν
1851 2821 1880 2850 οἱ
1901 2820 1955 2859 μὲν
1983 2818 2187 2861 Θεστορίδην,

1162 2866 1281 2898 Φωκέα
1306 2867 1417 2908 φασίν,
1445 2869 1474 2898 οἱ
1500 2868 1532 2899 δὲ
1552 2868 1729 2898 Κιναιθῶνα
1749 2865 2011 2906 Λακεδαιμόνιον,
2027 2866 2068 2902 ὡς
2083 2865 2190 2896 Ἑλλά-

1161 2924 1256 2951 νικος.
1277 2915 1312 2946 V.
1331 2914 1495 2947 Welcker.
1507 2916 1554 2945 De
1569 2913 1656 2954 cycl.
1674 2915 1771 2945 Hom.
1794 2922 1826 2954 p.
1845 2916 1917 2945 251.

1202 2963 1410 2995 Hellanicus
1420 2965 1674 3003 symmacum,
1689 2961 1746 3002 qui
1759 2961 1844 2993 vixit
1853 2961 1967 2994 Dionis
1976 2961 2188 3002 temporibus.

1160 3010 1323 3045 Plutarch.
1337 3009 1404 3042 vit.
1426 3010 1520 3041 Dion.
1539 3017 1570 3049 p.
1594 3011 1655 3040 976
1670 3010 1709 3047 Ι),
1738 3010 1764 3039 Ε
1792 3007 1844 3040 ed.
1860 3007 2007 3041 Wechel.
2031 3008 2080 3040 Ad
2104 3007 2190 3039 hunc

1161 3059 1296 3090 fortasse
1310 3057 1513 3090 referendum
1531 3057 1570 3088 fr.
1592 3057 1661 3097 179,
1682 3056 1739 3088 uhi
1763 3056 1949 3089 Hellanicus
1966 3064 2032 3088 una
2045 3064 2120 3088 cum
2134 3058 2186 3088 So-

1160 3106 1284 3146 phrone
1299 3103 1468 3143 laudatum
1492 3112 1589 3145 porro
1608 3103 1648 3135 fr.
1666 3104 1724 3136 178
1741 3116 1748 3134 ι
1763 3123 1803 3130 -
1818 3104 2018 3146 ἀναρῤιχᾶται
2039 3104 2065 3135 δ’
2082 3104 2189 3146 ὥσπερ

1159 3152 1289 3190 πίθηκος
1316 3152 1365 3183 ἐπ’
1401 3151 1482 3194 ἄκρα
1512 3151 1551 3182 τὰ
1593 3151 1720 3194 δένδρα,
1743 3160 1818 3192 quae
1848 3151 1889 3183 ab
1910 3151 2028 3183 Lesbio
2057 3150 2187 3192 quidem

1160 3199 1262 3230 aliena
1281 3206 1353 3230 esse
1368 3197 1530 3230 videntur.
1560 3198 1656 3236 Quod
1683 3201 1853 3240 propterea
1884 3206 2018 3237 moneo,
2045 3198 2122 3238 quia
2146 3206 2185 3229 ex

1160 3246 1211 3278 his
1230 3244 1416 3285 fragmentis
1433 3246 1537 3277 Sturz.
1558 3245 1706 3286 colligere
1721 3244 1826 3277 voluit
1842 3245 2042 3277 Hellanicum
2073 3244 2195 3276 Dorico

1159 3292 1338 3334 scripsisse.

1201 3339 1407 3372 Hellanicus
1423 3339 1542 3380 Eleus,
1562 3340 1645 3373 inter
1670 3348 1724 3373 eos
1753 3340 1831 3379 suit,
1861 3340 1916 3379 qui
1938 3337 2184 3371 Aristotimum,
