2320 3684
175 170 225 203 80
892 169 1126 208 PHERECY
1132 170 1212 210 DIS
1241 172 1573 215 FRAGMENTA.

172 281 175 284 -
227 253 458 291 Scholiastes
480 254 699 291 Germanici
732 255 891 292 Caesaris
915 256 977 293 rad
1007 270 1043 294 v.
1075 263 1138 308 49,
1156 271 1196 310 Ρ.

172 325 223 360 90
246 312 319 363 (ed.
333 312 558 350 sanctandr.
575 312 687 361 1589,
700 313 738 363 8)
751 326 760 348 :
776 315 885 350 Hunc
902 314 966 364 (sc.
979 315 1196 369 draconem)

170 372 397 413 Pherecydes
429 372 516 407 dicit
543 375 641 407 inter
668 380 772 408 astra
797 375 1007 410 collocatum
1027 373 1197 425 beneficio

169 431 336 475 Iunonis,
357 443 398 465 eo
413 430 511 478 quod
525 442 604 465 cum
622 429 774 467 nuberet
786 433 865 468 ιῙονί
875 433 986 478 Iuno,
1008 434 1076 470 diis
1093 431 1195 483 ofse—

168 488 329 525 rentibus
362 501 529 533 munera,
574 489 684 525 Terra
716 503 857 539 quoque
891 490 1060 530 obtulerit
1081 507 1196 531 aurea

167 549 270 583 mala
285 561 364 582 cum
385 550 497 582 ramis
515 559 527 581 :
546 560 632 595 quoe
651 549 748 584 Juno
770 551 807 584 in
825 549 967 587 hortum
989 564 1108 598 suum,
1134 558 1198 602 qui

166 614 251 641 erat·
273 606 376 653 apud
398 606 605 650 Atlantem,
630 603 762 654 inferri
772 611 896 654 jussit,
922 617 961 645 et
977 611 1196 659 Hesperides

165 665 329 699 Atlantis
334 664 443 711 filias
468 665 631 700 custodes
638 669 777 714 posuit,
799 680 885 716 quoe
904 680 984 704 cum
1007 681 1032 704 a
1038 669 1195 717 filiabus

164 722 328 758 Atlantis
340 721 641 760 subtraherentur
653 733 692 761 et
708 738 808 774 soepe
830 736 1071 773 vexarentur,
1096 730 1194 766 June

162 782 343 817 custodem
363 781 457 818 horti
470 783 677 819 Draconem
686 787 898 835 pervigilem
919 788 1096 835 implicuit
1125 801 1191 825 ar-

161 838 250 885 bori,
279 853 385 889 quem
417 842 590 878 Hercules
614 840 807 891 interfecit,
836 853 875 881 et
900 846 964 881 illa
994 850 1102 883 astris
1132 851 1192 884 in-

162 899 255 935 tulit.

632 953 681 992 33
691 953 730 991 b.

214 1003 790 1057 Schol.E11rip.Hippol.742:
811 1007 1016 1062 Φερεκύδης
1033 1009 1115 1053 Διὸς
1130 1011 1190 1049 καὶ

159 1059 314 1111 Θέμιδος
324 1062 428 1115 φησὶν
447 1062 552 1107 αὐτάς
570 1063 646 1116 (τὰς
663 1064 706 1103 F
709 1065 900 1118 σπεριδας)
923 1066 983 1104 Ibi
999 1069 1186 1118 Hesperi-

159 1118 227 1156 das
257 1134 344 1158 cum
376 1123 565 1173 Nymphis
598 1123 647 1161 ad
683 1124 892 1162 Eridanum
913 1125 1089 1164 consusas
1108 1140 1189 1165 esse

160 1178 270 1217 docet
289 1183 422 1232 Heyne
439 1182 488 1219 ad
511 1182 693 1234 Apollod.
708 1186 762 1231 ΙΙ,
782 1184 820 1230 5,
847 1198 861 1221 1
874 1198 907 1223 1.

631 1241 681 1278 33
696 1254 728 1280 c.

211 1291 339 1330 Schol.
361 1293 580 1331 Germanici
600 1293 648 1331 ad
668 1307 704 1332 v.
725 1294 820 1341 364,
837 1307 874 1344 Ρ.
900 1295 972 1333 133
1002 1293 1084 1346 (83)
1102 1310 1110 1331 ε
1129 1296 1189 1333 Ab

157 1353 274 1386 Arato
289 1360 328 1388 et
341 1353 549 1400 Plzerecyde
565 1354 756 1389 Eridanus
770 1354 898 1389 Padus
914 1367 992 1389 esse
1003 1363 1184 1402 putatur:

155 1419 191 1446 et
199 1413 277 1447 ideo
289 1416 493 1449 interastra
501 1415 706 1458 collocatus,
725 1415 858 1462 quoda
875 1415 1087 1451 meridianis
1089 1428 1188 1464 par·-

156 1468 249 1506 tibus
263 1472 415 1521 dirigere
430 1475 599 1508 cernitur.

207 1575 334 1613 Schol.
353 1575 507 1613 Pindar.
525 1523 724 1626 Ργῑὴ3ἰξ,
749 1577 847 1614 185:
860 1575 976 1616 Ενιοι
994 1593 1112 1632 φασιν,
1133 1577 1186 1616 ὅτι

153 1634 209 1670 6
190 1632 260 1671 απὸ
276 1632 491 1688 “Ηρακλέους
516 1634 788 1686 καταγωνισθεις
807 1634 983 1684 Ἀνταῖος,
1005 1636 1185 1690 Ιρασσεὺς

153 1695 210 1740 ἠν,
233 1691 302 1730 ἀπὸ
323 1692 495 1746 Ἰράσσων
522 1693 657 1744 (vulgo
677 1692 862 1746 Ἰρασσῶν)
883 1695 953 1732 τῶν
973 1695 1008 1732 ἐν
1029 1697 1072 1746 τῇ
1092 1696 1183 1748 Ἰρι-

151 1750 271 1789 τωνίδι
304 1750 435 1804 λίμνῃ,
471 1751 518 1795 ὥς
533 1751 852 1848 φησιΒξερεκύδης.

681 1825 712 1848 e.

204 1870 368 1918 Etymol.
398 1872 452 1907 Μ.
483 1883 532 1907 ex
551 1873 635 1908 Oro
650 1885 658 1906 :
675 1867 848 1920 Πολέμων
871 1872 890 1907 6
907 1868 1108 1922 Ἡρακλῆς,
1125 1869 1182 1909 διὰ

150 1926 190 1965 τὸ
205 1929 470 1965 καταπαλαῖσαι
490 1927 657 1966 Ἀνταῖον.
673 1926 879 1980 Φερεκύδης
890 1927 1006 1979 λέγει,
1021 1926 1075 1967 ὅτι
1091 1928 1180 1980 μετὰ

147 1984 188 2024 τὸ
206 1987 472 2024 καταπαλαῖσαι
488 1985 590 2024 αὐτὸν
610 1986 764 2024 Ἀνταῖον
783 1985 842 2024 καὶ
858 1988 1083 2034 ἀποκτεῖναι,
1099 2003 1181 2026 συν-

147 2045 232 2090 ηλθε
251 2047 295 2097 τῇ
315 2044 454 2096 γυναικὶ
479 2047 584 2083 αὐτοῦ
606 2044 737 2098 Ἰφινόῃ
751 2076 761 2094 ,
785 2045 844 2084 καὶ
865 2044 1030 2097 ἐγέννησε
1057 2046 1177 2086 Πολέ-

147 2118 261 2153 μωνα.

202 2164 293 2199 Haec
322 2162 431 2200 aliter
466 2163 669 2200 traduntur
688 2175 710 2200 a
736 2165 871 2200 Tzetza
899 2163 948 2200 ad
979 2164 1176 2214 Lycophr.

146 2222 221 2258 663
240 2235 248 2257 ε
269 2219 473 2274 Φερεκύδης
492 2221 597 2274 φησὶ,
619 2219 709 2271 μετὰ
726 2220 766 2259 τὸ
783 2222 1051 2259 καταπαλαῖσαι
1069 2221 1173 2260 αὐτὸν

146 2279 203 2317 τὸν
220 2279 375 2318 Ἀνταῖον
403 2279 461 2318 τὸν
482 2279 609 2326 Λίὸυν,
628 2279 687 2318 τὸν
712 2279 955 2329 Ποσειδῶνος,
985 2278 1176 2326 ἑξηκοντά-

144 2354 263 2390 πηχυν
277 2338 361 2376 ὄντα
371 2368 382 2389 ,
396 2338 455 2377 καὶ
472 2332 701 2389 κατεάξαι(οῧ
712 2338 771 2376 καὶ
788 2338 831 2376 τὰ
849 2340 935 2376 ὀστᾶ
945 2338 1030 2392 πρὸς
1044 2338 1177 2389 Ὀλυμ-

143 2397 228 2436 πίαν
250 2396 397 2449 ἠνέχθη,
415 2400 461 2441 ὡς
483 2397 532 2449 μὴ
554 2399 762 2449 ἀπιστοῖτο),
783 2397 888 2449 ἐμίγη
904 2400 948 2450 τῇ
967 2401 1029 2436 τοῦ
1050 2396 1175 2451 ῥηθέν-

140 2472 201 2501 τος
225 2456 382 2496 Ἀνταίου
415 2457 555 2508 γυναικὶ
589 2455 717 2510 Ἰφινόῃ
731 2488 741 2506 ,
771 2457 830 2495 καὶ
863 2456 898 2501 ἐξ
925 2458 1032 2503 αὐτῆς
1064 2457 1174 2495 παῖδα

139 2522 245 2570 γεννᾷ
264 2515 489 2567 Παλαίμονα.

597 2633 644 2665 33
674 2627 713 2665 b.

183 2710 385 2752 Pherecydes
398 2708 591 2750 Hesperidas
604 2710 623 2741 J
626 2708 698 2741 ovis
714 2717 754 2741 ex
768 2707 923 2741 Themide
936 2707 1018 2739 filias
1034 2707 1124 2739 dicit.

597 2788 644 2821 33
674 2782 714 2820 d.

182 2858 336 2892 Nonnulli
352 2858 465 2891 dicunt
480 2859 632 2890 Antaeum
647 2855 688 2888 ab
715 2854 852 2888 Hercule
868 2854 902 2886 in
920 2853 1098 2886 certamine
1117 2853 1169 2885 de-

141 2906 264 2937 victum
283 2907 444 2937 Irasseum
467 2904 568 2936 fuisse
593 2902 634 2935 ab
649 2902 765 2935 lrassis
781 2901 821 2934 ad
841 2901 995 2942 paludem
1029 2900 1167 2932 Tritoni-

142 2953 215 2984 dem
231 2953 314 2992 sitis,
330 2954 367 2985 ut
381 2952 426 2984 ait
438 2950 652 2992 Pherecydes.

598 3029 646 3062 33
676 3033 709 3060 e.

183 3100 261 3130 Post
281 3099 445 3130 devictum
460 3097 729 3137 interfectumque
742 3095 894 3127 Antaeum
912 3093 1067 3127 Hercules
1089 3102 1166 3128 cum

142 3146 211 3186 ejus
224 3154 335 3184 uxore,
351 3146 501 3186 Iphinoe,
520 3152 722 3185 congressus,
738 3142 945 3174 Polemonem
960 3141 1152 3182 procreavit.

184 3194 361 3232 Postquam
392 3195 554 3231 Antaeum,
582 3191 706 3231 Libyn,
721 3189 862 3230 Neptuni
875 3188 991 3229 filium,
1006 3188 1064 3229 qui
1077 3197 1166 3221 sexa-

140 3239 229 3280 ginta
243 3239 423 3270 cubitorum
441 3241 598 3270 staturam
612 3237 750 3269 hahebat
773 3236 827 3277 (de
847 3245 912 3277 quo
931 3244 972 3268 ne
994 3236 1165 3276 quisquam

141 3286 202 3318 add
208 3286 357 3322 ubitaret,
368 3295 442 3317 ossa
457 3286 526 3326 ejus
537 3285 720 3325 Olympiam
727 3284 884 3316 translata
897 3284 1000 3323 suut),
1014 3283 1166 3316 Hercules

140 3333 229 3366 lucta
244 3333 365 3365 vicerat
382 3334 414 3365 et
430 3332 627 3372 confregerat
643 3355 651 3371 ‚
674 3340 750 3363 cum
764 3331 899 3372 Iphinoe
912 3354 921 3370 ,
939 3330 1025 3362 illius
1044 3339 1144 3362 uxore
1155 3354 1164 3370 ,

139 3380 314 3413 concubuit
326 3388 366 3412 ex
382 3388 482 3419 eaque
498 3379 716 3411 Palaemonem
737 3378 935 3419 procreavit.

1305 321 1492 371 Apuleius
1526 323 1582 359 De
1610 322 1887 374 orthographia
1919 324 2011 374 βαι
2026 328 2165 366 Busiris
2183 334 2288 381 apud

1252 379 1347 415 Iovis
1361 393 1466 416 aram
1487 381 1643 430 hospites
1661 381 1860 428 mactabat,
1881 384 2071 433 divinoque
2078 388 2216 433 Judzczo
2235 390 2283 428 ab

1252 438 1406 474 Hercule
1419 437 1548 475 ibidem
1565 447 1747 477 mactatus
1759 449 1826 486 est,
1844 450 2026 481 auctore..
2032 444 2282 494 ,Pherecyde.

1305 565 1432 603 Schol.
1467 566 1619 604 Hesiod
1650 567 1797 618 Theog.
1829 569 1934 618 98:5
1969 568 2194 620 Ἠμαθίωνα,
2220 571 2280 626 ἀφ’

1251 616 1291 660 οὓ
1312 625 1334 670 ἡ
1359 624 1562 663 Μακεδονία
1585 625 1756 677 Ἢμαθίη.
1782 626 1882 673 Φησὶ
1911 627 1948 665 δὲ
1967 627 2226 682 Φέρεκύδης,“
2212 629 2280 670 υπὸ

1250 679 1465 734 Ἡρακλέους
1473 685 1695 737 ἀναιρεθηναι
1708 684 1766 723 τὸν
1789 684 1832 724 Η
1837 685 2009 736 μαθίωνα,
2024 687 2137 726 ἀλλ”
2118 686 2280 734 απιόντος

1250 738 1307 777 ἐπὶ
1329 739 1374 778 τὰ
1390 739 1524 794 χρύσεα
1543 743 1652 792 μηλα.

1301 864 1511 903 Athenaeus
1531 869 1599 913 XI,
1623 880 1661 917 Ρ.
1677 873 1765 915 470,
1786 869 1831 906 C:
1850 867 2085 922 Φερεκύδης’
2069 871 2158 922 εντῇ
2176 869 2276 924 τρίτῃ

1247 923 1316 960 τῶν
1335 924 1509 978 ἱστοριῶν,
1523 924 1700 978 προειπὼν
1719 925 1799 979 περὶ
1818 942 1879 964 του
1899 926 2087 978 Ὠκεανου,
2108 928 2276 983 ἐπιφέρει·

1248 980 1321 1020 «Ὁ
1341 981 1371 1019 δ’
1385 981 1566 1036 Ἤρακλης
1580 982 1754 1022 ἕλκεται’
1738 984 1795 1022 επ’
1815 984 1918 1024 αὐτὸν
1950 984 1991 1024 τὸ
2015 984 2112 1031 τόςον
2133 988 2181 1030 ὡς
2206 989 2272 1040 βα-

1246 998 1331 1088 λὼν,
1355 1040 1415 1079 καὶ
1435 1045 1453 1080 6
1477 1040 1604 1086 ’Ἤλιος
1631 1042 1836 1082 παύσασθαι
1860 1043 2006 1085 κελεύει.
2027 1045 2073 1084 Ὁ
2098 1044 2135 1084 δὲ
2161 1045 2276 1091 δείσας

1245 1097 1406 1138 παύεται.
1426 1099 1552 1144 ἽΙλιος
1571 1100 1647 1138 δὲ’
1628 1101 1704 1139 αντὶ
1729 1100 1853 1140 τούτου
1879 1102 2018 1142 δίδωσιν
2039 1106 2134 1158 αὐτῷ
2154 1104 2196 1143 τὸ
2216 1104 2276 1144 δέ-

1245 1171 1314 1200 πας
1328 1157 1369 1196 τὸ
1382 1157 1543 1212 χρύσεον,
1559 1158 1578 1197 ὃ
1602 1159 1740 1198 αὐτὸν’
1723 1159 1838 1214 εφόρει
1855 1159 1917 1199 συν
1937 1167 2014 1205 ταῖς
2029 1160 2168 1212 ἵπποις,
2185 1162 2274 1212 ἐπὴν

1245 1214 1343 1267 δύνῃ,
1359 1215 1416 1254 διὰ
1427 1220 1488 1254 τοῦ
1501 1218 1656 1256 ὠκεανοῦ
1671 1217 1735 1265 τὴν
1752 1218 1861 1257 νύκτα
1872 1219 1957 1272 πρὸς
1964 1219 2023 1270 ἕω,
2034 1220 2125 1268 ἡνίκ’
2137 1221 2274 1274 ἀνίσχει

1245 1276 1263 1311 ὃ
1281 1272 1389 1320 ἥλιος.
1409 1273 1564 1313 Ἔπειτα
1585 1275 1769 1329 πορεύεται
1790 1279 1809 1315 6
1835 1276 2013 1352 εΗρακλης
2041 1281 2076 1318 ἐν
2099 1281 2150 1334 τῷ
2170 1279 2276 1320 δέπαϊ

1244 1330 1357 1384 τούτῳ
1380 1333 1414 1375 ἐς
1425 1331 1489 1379 τὴν
1511 1332 1704 1386 Ἐρύθειαν.
1723 1334 1824 1386 (Καὶ)
1847 1334 1903 1374 ὅτε
1921 1331 1999 1374 δὲ
1975 1353 2019 1384 ην
2037 1338 2072 1376 ἐν
2094 1341 2145 1394 τῶ
2161 1338 2274 1380 πελάν-

1243 1404 1310 1441 γει,
1331 1390 1502 1435 Ὠκεανὸς
1520 1391 1736 1444 πειρώμενος
1761 1394 1867 1432 αὐτοῦ
1899 1395 2062 1446 κυμαίνει
2089 1396 2129 1436 τὸ
2165 1397 2274 1443 δέπας

1243 1448 1526 1502 φανταζόμενος·
1544 1452 1562 1488 6
1576 1448 1612 1488 δὲ
1629 1449 1777 1496 τοξεύειν
1808 1452 1910 1491 αὐτὸν
1934 1452 2072 1505 μέλλει·
2090 1453 2150 1493 καὶ
2169 1454 2272 1495 αὐτὸν

1243 1507 1359 1552 δείσας
1373 1508 1542 1552 Ὠκεανὸς
1556 1508 1759 1549 παύσασθαι
1772 1510 1916 1550 κελεύει.
1926 1530 1942 1547 »

1296 1567 1467 1606 Macrob.
1493 1570 1648 1608 Saturn.
1666 1573 1713 1617 V,
1736 1583 1779 1607 21
1805 1585 1813 1607 :
1832 1572 1965 1608 Poculo
1986 1574 2176 1610 Herculem
2201 1587 2272 1611 ve-

1240 1635 1336 1663 ctum
1356 1628 1410 1662 ad
1427 1624 1608 1680 Ἐρύθειαν
1629 1630 1824 1678 Hispanioe
1839 1633 1995 1667 insulam
2013 1635 2213 1683 navigasse,
2234 1642 2274 1670 et

1240 1687 1423 1734 Panyasis
1439 1691 1599 1737 egregius
1616 1692 1769 1738 scriptor
1779 1690 1985 1727 Groecorum
2001 1692 2099 1737 dicit,
2119 1701 2158 1728 et
2170 1692 2271 1729 Phe-

1239 1746 1386 1792 recydes
1402 1755 1530 1782 auctor
1545 1755 1602 1783 est
1617 1760 1629 1782 .-
1650 1760 1801 1796 quorum
1818 1747 1933 1785 verba
1962 1747 2114 1786 subdere
2139 1762 2270 1799 super-

1238 1804 1327 1848 sedi,
1350 1807 1436 1852 quia
1444 1808 1621 1854 propiora
1634 1814 1722 1841 sunt
1731 1802 1891 1854 fabuloe,
1911 1820 2021 1856 quam
2041 1808 2214 1847 historice.

1292 1861 1433 1900 strabo
1447 1865 1517 1910 ΙΙΙ,
1546 1876 1584 1914 Ρ.
1616 1877 1629 1901 1
1643 1864 1706 1914 69,
1734 1867 1779 1903 C:
1791 1863 1975 1917 Ἐρύθειαν
1994 1863 2030 1903 δὲ
2049 1863 2095 1904 τὰ
2113 1866 2268 1920 Γάδειρα

1237 1918 1328 1958 ἔοικε
1342 1919 1455 1972 λέγειν
1469 1923 1488 1959 6
1506 1920 1727 1975 Φερεκύδης·
1747 1921 1815 1960 ubi
1834 1931 1959 1961 tamen
1977 1925 2178 1963 Philistidis
2195 1939 2268 1964 no-

1237 1991 1326 2016 men
1358 1980 1626 2030 reponendum
1659 1990 1821 2032 propter
1850 1982 1963 2020 Plinii
1995 1983 2123 2021 locum
2157 1991 2268 2035 putat

1236 2040 1360 2076 Sturz.
1397 2039 1469 2078 Ille
1495 2040 1596 2077 enim
1631 2040 1725 2078 dicit
1741 2043 1788 2078 H.
1807 2044 1853 2079 N.
1878 2046 1915 2090 4,
1943 2054 1992 2079 22
2008 2057 2017 2079 :
2036 2043 2238 2091 «Insula,
2227 2057 2267 2082 ln

1236 2111 1311 2148 qua
1342 2097 1449 2148 prius
1482 2098 1666 2149 oppidum
1701 2099 1866 2137 Gadium
1900 2100 1986 2150 fuit,
2020 2110 2184 2139 vocatur
2214 2101 2266 2140 ab

1233 2156 1391 2206 Ephoro
1423 2165 1462 2194 et
1492 2157 1692 2195 Philistide
1725 2158 1923 2208 Erythia.»
1952 2159 2028 2198 Sed
2058 2159 2173 2198 etiam
2202 2160 2266 2199 hic

1234 2214 1446 2252 Philistidis
1465 2228 1607 2253 nomen
1629 2215 1884 2266 depravatum
1907 2230 1990 2256 esse
2023 2218 2201 2271 videtur3
2225 2233 2262 2259 v.

1233 2273 1366 2311 Timaei
1379 2273 1425 2310 fr.
1453 2273 1513 2310 35.
1531 2274 1588 2311 Cf.
1605 2274 1721 2312 etiam
1738 2275 1953 2327 Pherecyd.
1969 2276 2015 2314 fr.
2036 2291 2050 2314 1
2063 2291 2122 2327 ¹9·

1284 2398 1411 2436 Schol.
1442 2398 1624 2449 Sophocl.
1644 2341 1783 2438 Taxili..
1816 2400 1915 2445 354:
1937 2399 2140 2453 Φερεκύδης
2158 2400 2262 2455 φησὶν

1230 2455 1338 2496 οὕτω·
1360 2474 1375 2489 α
1387 2455 1491 2495 Μετὰ
1507 2456 1543 2496 δὲ
1561 2456 1620 2496 τὸν
1635 2459 1755 2509 ἀγῶνα
1770 2457 1950 2512 Ἡρακλῆς
1969 2461 2165 2513 ἀφικνεῖται
2177 2459 2264 2513 πρὸς

1232 2515 1388 2569 Εὔρυτον
1408 2515 1466 2554 τὸν
1487 2515 1649 2561 Μέλανος
1665 2520 1724 2554 τοῦ
1745 2517 1968 2571 Ἀρκεσιλάου
1999 2519 2046 2563 εἷς
2068 2517 2132 2566 τὴν
2147 2520 2263 2572 Οἷχα-

1270 2683 1447 2715 Emathion
1460 2683 1501 2715 ab
1527 2684 1666 2717 Hercule
1679 2631 1834 2719 {lizinii-ea
1855 2685 1941 2718 mala
1971 2686 2109 2728 petenda
2131 2686 2260 2729 profici-

1228 2732 1338 2762 scente
1357 2730 1547 2763 interfectus
1569 2735 1630 2764 est.

1683 2787 1732 2820 33
1762 2780 1801 2820 h.

1268 2841 1422 2874 Hercules
1437 2851 1549 2874 arcum
1573 2843 1607 2875 in
1629 2843 1738 2885 ipsum
1760 2844 1867 2877 Solem
1886 2845 2068 2886 distendit,
2086 2847 2257 2888 tamquam

1226 2888 1338 2929 sagitta
1347 2897 1560 2929 percussurus
1569 2900 1579 2930 ;
1589 2890 1642 2923 Sol
1655 2893 1763 2923 autem
1774 2901 1850 2924 eum
1857 2900 1985 2924 cessare
1993 2892 2103 2933 jussit.
2111 2894 2258 2927 Territus

1227 2935 1363 2968 destitit.
1380 2936 1458 2976 EJus
1474 2936 1621 2977 obsequii
1636 2938 1740 2978 gratia
1759 2940 1903 2979 pateram
1923 2939 1977 2971 Sol
1996 2948 2127 2972 auream
2142 2940 2232 2974 dedit
2243 2964 2254 2982 ,

1225 2991 1299 3023 quae
1309 2982 1415 3023 ipsum
1427 2992 1502 3014 cum
1511 2983 1603 3024 equis
1610 2983 1692 3016 ferre
1699 2985 1791 3024 solet,
1799 2994 1902 3026 quum
1909 2989 1984 3027 post
1990 2995 2143 3019 occasum
2154 2990 2254 3021 noctu

1224 3029 1385 3062 transiens
1414 3038 1571 3061 oceanum
1591 3030 1631 3062 ad
1658 3040 1808 3063 auroram
1827 3032 1940 3064 oritur.
1957 3034 1996 3064 In
2011 3041 2050 3065 ea
2068 3034 2179 3074 patera
2209 3034 2250 3067 ad

1224 3077 1394 3117 Erythiam
1406 3076 1561 3109 Hercules
1573 3077 1806 3118 proficiscitur;
1820 3081 1854 3110 at
1869 3088 1972 3120 quum
1996 3079 2031 3111 in
2043 3080 2152 3112 medio
2168 3081 2252 3113 mari

1223 3125 1319 3163 esset,
1337 3124 1407 3164 ejus
1431 3123 1654 3156 fortitudinem
1682 3127 1720 3156 ut
1743 3125 1954 3166 experiretur,
1970 3126 2126 3160 fluctibus
2151 3128 2252 3169 agitat

1223 3171 1377 3212 poculum
1408 3173 1577 3210 Oceanus,
1601 3171 1719 3203 visibili
1738 3172 1844 3213 specie
1869 3173 1999 3205 Herculi
2015 3182 2182 3215 apparens.
2207 3177 2252 3208 Et

1223 3218 1275 3251 ille
1295 3218 1330 3250 in
1351 3226 1389 3250 eo
1399 3222 1467 3250 erat
1482 3241 1491 3257 ‚
1504 3220 1542 3250 ut
1554 3217 1704 3259 sagittam
1716 3219 1748 3251 in
1765 3228 1840 3251 eum
1853 3219 1997 3253 mitteret
2019 3232 2026 3250 ε
2043 3221 2137 3253 illum
2153 3222 2250 3264 igitur

1222 3265 1345 3298 veritus
1360 3267 1507 3298 Oceanus
1523 3265 1666 3298 desinere
1680 3266 1788 3307 jussit.

1266 3378 1335 3409 Hoc
1353 3377 1462 3409 labore
1475 3378 1611 3418 peracto
1635 3326 1791 3410 Her6’1iles
1808 3378 1849 3410 ad
1870 3371 2047 3420 Eurytum,
2065 3378 2200 3412 Melanei
2217 3378 2249 3412 fi·
