2320 3684
187 165 261 198 574

185 247 228 284 in
263 246 508 297 anagraphis,
528 242 728 295 probabile
765 249 823 280 est
857 242 978 293 Iphiti
999 243 1203 294 Olympia-

187 305 275 342 dem
294 305 451 342 eandem
469 310 607 342 sortem
631 309 828 351 expertam
845 314 939 340 esse.
960 301 1083 352 Igitur
1100 301 1204 351 quod

188 362 425 413 Apollodoro
452 360 500 398 ab
529 363 666 397 Ionum
690 359 851 396 coloniis
877 357 1091 408 sejunctum
1124 366 1205 395 erat

189 422 297 459 annis
319 421 408 469 159,
435 419 535 456 idem
559 418 600 454 in
617 425 707 455 vett.
733 418 963 468 anagraphis
994 417 1042 454 ab
1065 418 1111 455 iis
1140 417 1203 455 di-

189 479 312 516 stabat
342 480 414 526 189
443 477 524 514 sive
557 476 683 517 3><63
713 476 844 526 annis,
864 476 926 513 vel
946 477 1072 520 4><63
1101 489 1135 514 a.
1156 475 1204 514 ab
1230 459 1236 528 i

189 537 314 573 reditu
348 535 648 572 Heraclidarum.
672 535 703 571 A
726 534 881 571 Coroebi
904 534 1132 584 Olympiade
1159 534 1205 572 ad

189 594 407 632 Heraclidas
421 623 431 641 ,
450 594 507 630 uti
521 592 685 630 vidimus
698 621 708 640 ,
725 592 1026 630 numerabantur
1047 594 1068 630 5
1088 594 1204 643 cycli3

188 653 290 690 unde
309 652 471 688 eflicitur
492 651 613 701 Iphiti
629 651 890 702 Olympiadem
909 652 1072 702 positam
1091 653 1205 690 fuisse

1069 156 1370 197 ANNOTATIO

1263 243 1431 282 diversas
1450 245 1497 284 de
1515 259 1559 284 ea
1577 246 1724 285 fabulas
1742 259 1805 297 ap.
1822 250 1963 299 Hygin.
1991 263 2062 288 122
2084 259 2122 290 et
2139 250 2278 305 Dictyn

1262 306 1338 349 VI,
1365 309 1406 351 4,
1423 308 1550 343 Tzetz.
1569 306 1616 343 ad
1637 307 1830 357 Lycophr.
1863 310 1976 355 1374.
1991 334 2037 340 —
2055 313 2113 348 De
2132 313 2279 352 calculo

1263 361 1459 411 Minervae,
1475 377 1587 414 quem
1602 365 1787 413 dicunt‚v.
1799 367 1980 406 Boeckler.
1991 368 2150 407 Dissert.
2162 371 2279 410 Acad.

1263 421 1294 466 I,
1307 432 1345 470 p.
1367 422 1712 467 270,⁹Schoemann.
1736 426 1920 461 Attischer
1954 426 2105 463 Process
2122 441 2162 478 p.
2189 441 2279 479 722,

1264 481 1311 516 0.
1327 480 1465 518 Miiller
1484 481 1522 518 in
1555 481 1750 520 Addendis
1769 485 1816 520 ad
1845 483 1936 520 edit.
1962 486 2216 525 Eumenidum
2240 501 2279 539 p.

1266 543 1313 581 4ο
1328 551 1424 588 sqq,
1436 540 1628 577 Fritzsche
1643 541 1683 578 in
1700 554 1860 578 censura
1871 543 2124 581 Eumenidum
2141 557 2164 582 a
2176 547 2280 584 Miil-
2307 555 2320 594 ’-

1263 595 1343 632 lero
1362 597 1470 634 editt.
1488 601 1526 635 P.
1542 601 1572 645 I,
1589 611 1626 648 p.
1647 599 1696 636 62
1717 613 1798 649 sqq.
2316 599 2317 602 ¹

1316 658 1527 693 Numerum
1543 656 1656 708 93(9)
1669 658 1834 695 restituit
1846 659 1996 696 Boeckh.
2011 660 2194 700 Seldenus
2210 675 2280 714 po-

190 711 238 748 63
262 711 370 747 annis
390 718 477 748 ante
498 711 594 758 776,
613 710 673 747 vel
694 723 727 747 a.
749 709 825 759 839
846 719 934 748 ante
961 711 1052 749 Chr.
1076 715 1206 761 Atque
1265 713 1340 750 suit
1361 720 1437 763 942
1454 742 1463 758 ,
1483 714 1667 764 Lydiatus
1698 717 1798 766 9373
1831 730 1996 766 quorum
2028 718 2089 756 hic
2121 729 2282 772 propter
2316 723 2318 726 ’

189 769 242 806 ita
270 783 349 806 rem
381 768 524 806 habere
553 768 694 806 docent
721 770 925 820 scriptores
951 771 1205 808 Eratosthene

189 828 438 877 antiquiores.
461 830 557 865 Nam
574 827 823 876 Thucydides
851 831 889 875 1,
920 829 965 865 18
984 843 992 865 :
1014 825 1106 875 Ἔτη
1137 828 1204 882 γάρ

190 887 296 932 ἐστιν,
318 886 390 933 ait,
414 887 568 935 μάλιστα
594 883 803 937 τετρακόσια
827 885 887 924 καὶ
906 886 1011 939 ὀλίγῳ
1040 886 1149 924 πλείω
1173 889 1206 931 ἐς

187 942 251 989 τὴν
277 943 440 989 τελευτὴν
462 944 562 981 τοῦδε
581 947 641 982 τοῦ
662 941 819 994 πολέμου
836 945 892 997 ἀφ’
919 938 957 982 οἷ
976 944 1204 995 Λακεδαιμό-

188 1015 254 1038 νιοι
277 1004 320 1053 τῇ
350 1003 437 1053 αὐτῇ
457 1001 615 1055 πολιτείᾳ
633 1003 798 1054 χρῶνται.
817 1005 951 1053 Itaque
970 1012 1012 1040 ut
1031 1012 1203 1040 nostrum

188 1072 391 1097 numerum
414 1061 691 1108 nanciscamur,
714 1059 762 1097 ad
784 1074 818 1098 a.
836 1067 909 1106 404
933 1061 1097 1099 addendi
1118 1070 1206 1099 sunt

190 1119 280 1161 435.
308 1118 484 1157 Eundem
514 1128 741 1170 computum
765 1119 891 1157 reddit
915 1119 1055 1159 Euseb.
1089 1124 1205 1167 Arm„

188 1177 253 1226 qui
278 1190 315 1227 p.
347 1179 418 1224 137
455 1177 550 1215 dicit
575 1178 734 1229 Thespii
761 1186 871 1215 aetate
897 1178 987 1228 jura
1010 1178 1206 1229 scripsisse

187 1235 486 1274 Lacedaemoniis
505 1240 735 1286 Lycurgum.
758 1237 909 1274 Etenim
928 1250 947 1274 a
963 1237 1133 1287 Thespio
1157 1237 1205 1274 ad
1231 1240 1237 1256 “’

186 1294 340 1344 Olymp.
366 1298 386 1332 Ι
417 1298 608 1346 Excerpta
637 1295 804 1333 Barbara
833 1304 1036 1332 numerant
1063 1309 1096 1332 a.
1133 1297 1205 1343 66,

187 1354 375 1392 Eusebius
414 1355 463 1392 56
514 1364 659 1392 tantum
705 1369 824 1393 annos
857 1360 1080 1406 computat3
1120 1369 1206 1406 quae

187 1412 318 1450 decem
343 1427 529 1451 annorum
551 1415 770 1451 differentia
792 1415 960 1465 pendere
978 1415 1131 1452 videtur
1156 1414 1204 1452 ab
1232 1430 1236 1442 ε

186 1472 252 1510 illa
279 1473 410 1510 decem
430 1487 615 1522 annorum
642 1474 876 1522 differentia,
907 1488 1018 1525 quam
1034 1475 1074 1511 in
1096 1475 1204 1512 annis

189 1532 347 1582 regibus
365 1533 740 1571 Lacedaemoniorum
768 1534 921 1572 tributis
949 1535 1206 1585 deprehendi-

185 1603 282 1627 mus.
298 1590 479 1628 Similiter
497 1592 749 1630 Callimachus
777 1606 798 1630 ει
824 1592 989 1630 Coroebo
1029 1593 1077 1630 ad
1101 1593 1206 1643 Iphi-

185 1657 264 1686 tum
289 1650 439 1687 nonuisi
471 1650 518 1687 52
540 1663 659 1688 annos
678 1660 855 1701 exputat,
886 1666 1004 1702 quum
1027 1652 1204 1702 primitus

184 1707 299 1743 fuisse
322 1707 485 1745 debeant
504 1710 567 1746 63.
585 1737 636 1744 -.-
654 1710 815 1760 Reliqua
839 1710 886 1747 de
909 1711 1074 1760 Lycurgi
1099 1717 1204 1747 aetate

188 1767 407 1804 testimonia
429 1768 570 1806 afferre
590 1777 628 1805 et
650 1782 697 1805 ex
713 1769 878 1806 diversis
895 1777 1068 1807 veterum
1089 1778 1204 1819 syste-

182 1825 291 1861 matis
307 1825 592 1876 chronologicis
605 1828 796 1877 explicare
811 1842 887 1864 non
902 1837 959 1865 est
976 1828 1088 1879 hujus
1105 1829 1202 1876 loci5

181 1884 268 1920 vide
282 1896 366 1934 quae
381 1893 653 1934 congesserunt
672 1888 719 1923 Ο.
735 1886 884 1923 Miiller.
901 1890 993 1923 Dor.
1009 1890 1040 1934 Ι,
1058 1900 1095 1937 p.
1118 1889 1202 1933 1323

180 1945 239 1991 11,
259 1955 297 1992 p.
327 1942 414 1989 503,
445 1944 599 1980 Clinton
623 1947 663 1981 F.
684 1946 732 1981 H.
754 1957 791 1994 p.
817 1947 924 1990 VIII,
942 1953 980 1980 et
998 1946 1072 1989 416
1092 1958 1176 1996 sqq.
1192 1975 1202 1992 ,

183 2000 292 2049 cujus
307 2008 432 2037 tamen
449 2002 616 2038 rationes
638 2002 795 2038 omnino
817 2002 1082 2052 improbandae
1100 2012 1200 2043 sunt.

235 2062 288 2096 Ut
316 2059 487 2107 redeam,
516 2060 619 2097 unde
647 2060 839 2109 digressus
866 2073 973 2107 sum,
997 2071 1202 2111 supersunt

181 2118 364 2155 nonnulla
396 2118 442 2155 de
461 2131 535 2155 aera
553 2122 720 2168 Trojana
741 2120 978 2165 testimonia,
998 2133 1082 2169 quae
1108 2134 1200 2158 vcro

181 2184 246 2212 aut
264 2189 350 2213 cum
371 2177 601 2227 Apollodori
620 2178 772 2215 calculis
793 2179 1051 2224 consentiunt,
1074 2187 1117 2216 ut
1135 2192 1198 2229 ap.

180 2236 338 2284 Dionys.
360 2239 406 2273 H.
425 2239 454 2283 I,
473 2249 512 2286 p.
532 2236 582 2274 60
603 2236 722 2286 sylb„
743 2245 808 2273 aut
826 2245 902 2273 tam
923 2250 1018 2288 vaga
1038 2245 1140 2283 sunt,
1159 2246 1201 2274 ut

181 2295 320 2331 certius
356 2295 499 2345 aliquid
531 2309 578 2332 ex
595 2295 640 2332 iis
656 2295 834 2332 concludi
851 2304 1030 2345 nequeat,
1046 2297 1144 2333 sicut
1158 2297 1201 2334 il-

179 2351 246 2390 lud
259 2354 362 2404 apud
375 2355 538 2404 Diogen.
551 2358 677 2392 Laert.
697 2357 766 2402 IX,
788 2360 850 2402 41,
871 2354 938 2392 ubi
958 2356 1199 2393 Democritus

179 2410 271 2448 dicit
299 2425 338 2449 se
372 2411 492 2464 μικρὸν
527 2412 714 2463 διάκοσμον
754 2413 952 2462 scripsisse
982 2414 1089 2450 annis
1124 2415 1199 2460 730

179 2478 267 2520 post
294 2469 419 2520 Trojae
452 2483 581 2507 casum
608 2470 666 2521 (v.
699 2471 812 2511 Clint.
840 2471 888 2508 ad
910 2485 942 2508 a.
965 2471 1066 2522 460).
1092 2473 1197 2510 Talia

178 2542 403 2567 enumerare
423 2530 562 2566 nullius
581 2538 638 2566 est
658 2530 842 2567 utilitatis.

466 2621 603 2670 Epocle.
617 2620 678 2658 25.
695 2635 751 2660 vs.
768 2627 906 2665 40-41,

228 2703 387 2740 Palmer.
408 2702 511 2744 dedit
540 2701 726 2756 Ὀρέστη[ς
744 2703 778 2740 ἐν
802 2701 954 2755 Σκυθ]ίᾳ
979 2704 1048 2740 τῶν
1075 2700 1195 2754 otii-tos&

177 2762 309 2810 μανιῶν
330 2760 429 2807 ἰάθη,
451 2760 510 2798 καὶ
538 2759 718 2811 Α]ἷγίσθου
746 2760 891 2814 θυγατρὶ
916 2759 1131 2813 [Ἢριγ]όν[ῃ
1151 2764 1194 2813 τῇ

175 2817 360 2872 Αἰ]γίσθου
378 2818 437 2858 καὶ
460 2819 570 2872 αι’)[τῷ
591 2818 669 2865 δίκη
693 2819 862 2871 ἐγένετ]ο,
883 2827 920 2856 et
942 2819 1080 2857 deinde
1098 2817 1194 2872 [ἴσων

176 2877 313 2930 ψήφ]ων
329 2878 484 2928 [οὐσῶν]
504 2878 745 2916 Probabilius
764 2887 820 2915 est
830 2878 935 2928 quod
952 2878 1127 2916 dedimus
1147 2893 1192 2916 ex

174 2937 343 2972 Boeckhii
370 2936 607 2986 conjectura,
631 2937 719 2975 licet
752 2937 872 2974 multa
905 2950 1056 2988 semper
1082 2947 1194 2975 erunt

175 3002 328 3032 incerta.

227 3054 283 3088 De
303 3052 468 3101 Erigona
487 3066 523 3090 v.
542 3057 668 3102 Etym.
685 3057 735 3091 M.
754 3067 794 3103 p.
813 3054 861 3091 38
880 3053 975 3105 (42),
993 3059 1013 3098 4
1033 3068 1041 3090 :
1058 3053 1191 3107 Αἷώρα,

174 3107 274 3159 ἑορτὴ
289 3108 482 3157 Ἀθήνησιν,
504 3110 544 3156 ἣν
568 3113 729 3149 καλοῦσιν
746 3110 1108 3162 Εὕδειπνον.Λε’γεται
1125 3112 1192 3166 γὰρ

174 3162 358 3217 Ἠριγόνην
375 3166 435 3213 τὴν
453 3168 615 3218 Αἰγίσθου
635 3169 694 3207 καὶ
714 3169 1029 3222 Κλυταιμνήστρας
1045 3171 1192 3221 θυγατέ-

175 3237 218 3275 ρα
248 3223 309 3262 σὺν
328 3224 518 3277 Τυνδάρεῳ
544 3230 593 3278 τῷ
613 3228 750 3281 πάππῳ
770 3229 879 3266 ἐλθεῖν
905 3228 1068 3274 Ἀθήναζε
1083 3245 1191 3276 κατη-

171 3280 385 3333 γορήσουσαν
409 3282 598 3335 Ὀρέστου·
629 3286 843 3324 ἀπολυθέντα
863 3286 917 3335 δὲ,
944 3286 1189 3339 ἀναρτήσασαν

173 3338 298 3387 ἑαυτὴν
314 3370 324 3388 ,
342 3340 596 3394 προστρόπαιον
619 3349 689 3387 τοῖς
716 3345 906 3392 Ἀθηναίοις
932 3344 1102 3396 γενέσθαι.
1127 3347 1185 3385 Cf.

1265 773 1458 821 sequentis
1478 773 1637 823 epochae
1658 787 1798 812 annum
1818 775 1910 812 ferri
1926 777 2082 826 nequit,
2100 777 2165 816 ille
2187 792 2282 830 pro-

1264 837 1350 879 pter
1365 830 1526 868 aliorum
1544 831 1590 869 de
1605 845 1646 869 re
1664 841 1794 870 nostra
1812 834 2028 872 testimonia
2045 849 2124 873 non
2140 837 2282 887 proba-

1264 887 1352 926 bilis
1381 898 1450 927 est.
1476 893 1574 928 Nam
1601 892 1809 929 secundum
1843 896 2001 931 Homer.
2030 894 2103 933 Od.
2123 896 2172 942 Γ,
2205 898 2280 936 305

1265 947 1463 997 AEgisthus
1483 958 1571 999 post
1594 963 1727 987 necem
1749 954 2043 1001 Agamemnonis
2071 963 2207 1003 septem
2226 969 2282 994 re·

1265 1013 1354 1055 gnat
1373 1007 1481 1043 annis
1492 1021 1502 1053 ;
1520 1010 1651 1046 Canon
1670 1008 1897 1059 Hieronymi
1913 1011 2057 1049 Orestis
2075 1013 2184 1063 regni
2201 1014 2280 1053 ini-

1267 1064 1362 1101 tium
1381 1065 1493 1114 ponit
1512 1079 1545 1103 a.
1572 1067 1621 1112 6;
1643 1069 1774 1105 Canon
1793 1071 1860 1106 Gr.
1883 1081 1921 1106 a.
1943 1076 1964 1114 4
1986 1073 2280 1122 Demophontis.

1265 1143 1309 1149 —
1328 1123 1546 1160 Hellanicus
1565 1124 1626 1174 (fr.
1647 1123 1713 1175 82)
1737 1124 1927 1175 judicium
1953 1137 2127 1167 nostrum
2154 1140 2283 1171 actum

1264 1191 1345 1216 esse
1362 1188 1493 1218 narrat
1513 1179 1612 1219 ἐννέα
1633 1187 1766 1231 γενεαῖς
1786 1192 1990 1234 postquam
2016 1189 2120 1225 Mars
2139 1197 2178 1226 et
2199 1191 2282 1228 Ne-

1264 1244 1406 1286 ptunus
1424 1238 1471 1275 de
1487 1239 1750 1277 Halirrhothio
1767 1254 1938 1279 caussam
1953 1242 2147 1283 dixissent.
2164 1248 2282 1287 Vides

1265 1295 1344 1332 haec
1361 1297 1543 1347 explicari
1557 1311 1633 1335 non
1651 1312 1765 1349 posse
1780 1313 1826 1337 ex
1843 1301 1906 1338 illa
1921 1304 2207 1351 generationum
2224 1319 2282 1345 ra-

1266 1354 1368 1392 tione
1379 1384 1390 1403 ,
1408 1369 1520 1405 quam
1541 1357 1754 1395 Herodotus
1771 1359 1996 1410 plerumque
2011 1363 2195 1413 sequitur,
2209 1378 2280 1403 ne-

1264 1425 1338 1463 que
1357 1415 1505 1465 exilia,
1527 1429 1611 1466 quae
1634 1429 1771 1454 novem
1802 1420 2064 1468 generationes
2085 1434 2158 1471 pro
2186 1414 2282 1462 toti-¹

1265 1472 1351 1508 dem
1370 1474 1478 1523 ponit
1491 1473 1657 1524 regibus.
1672 1475 1792 1525 Igitur
1809 1490 1927 1526 quum
1941 1478 2058 1529 vulgo
2071 1492 2092 1516 a
2109 1484 2280 1532 Cecrope

1264 1530 1311 1566 ad
1329 1532 1624 1582 Demophonten
1645 1546 1710 1570 sex
1725 1534 1822 1583 cycli
1842 1545 2100 1584 numerentur,
2118 1546 2281 1578 statuen-

1264 1588 1355 1626 dum
1372 1590 1470 1627 foret
1488 1604 1600 1628 unam
1619 1593 1902 1641 generationem
1920 1595 2117 1632 Hellanico
2135 1610 2216 1636 esse
2229 1604 2278 1644 42

1263 1660 1451 1686 annorum
1467 1679 1477 1697 ,
1497 1649 1547 1686 ita
1567 1658 1609 1687 ut
1634 1651 1710 1687 duo
1731 1652 1829 1700 cycli
1851 1652 1926 1689 sint
1946 1654 1966 1690 3
1991 1656 2279 1706 generationes3

1264 1715 1329 1743 aut
1348 1720 1487 1744 novem
1503 1713 1636 1758 γενεαῖς
1652 1709 1902 1748 Athenienses
1919 1711 2130 1762 significare
2145 1716 2280 1754 volue-

1264 1773 1355 1801 runt
1383 1766 1543 1803 totidem
1572 1768 1699 1816 cyclos
1729 1768 1777 1804 63
1810 1781 2021 1816 annorum3
2049 1784 2137 1809 nam
2162 1773 2279 1814 fuisse

1263 1824 1330 1873 qui
1347 1837 1369 1860 a
1390 1826 1561 1875 Cecrope
1575 1825 1621 1862 ad
1635 1827 1944 1876 Demophontem
1961 1842 2100 1866 novem
2114 1833 2278 1882 epochas

1263 1883 1479 1929 statuerint,
1499 1897 1614 1934 supra
1633 1885 1798 1923 vidimus
1820 1897 1868 1922 ex
1881 1885 1966 1923 loco
1980 1887 2195 1928 Clementis.
2209 1895 2280 1931 Ce—
2299 1921 2302 1923 -

1263 1948 1387 1978 terum
1414 1943 1514 1992 apud
1540 1943 1778 1980 Hellanicum
1797 1944 1821 1981 l.
1840 1944 1863 1981 l.
1885 1944 2128 1985 scribendum
2148 1959 2244 2000 puto
2267 1967 2276 1991 ς

1238 2032 1242 2038 .
1261 2001 1344 2043 Τοῖς
1357 2001 1397 2038 ἐκ
1410 2000 1670 2051 Λακεδαίμονος
1682 2002 1817 2039 ἐλθοῦσι
1829 2000 1950 2054 καὶτῷ
1962 2002 2114 2058 Ὀρέστῃ
2129 2009 2160 2046 οἱ
2177 2008 2279 2058 Ἀθη-

1260 2063 1351 2096 ναῖοι
1363 2058 1426 2105 τὴν
1438 2058 1537 2106 δίκην
1546 2058 1691 2112 ἔφασαν.
1708 2059 1817 2103 Τέλος
1832 2059 1868 2097 δὲ
1879 2060 2082 2116 ἀμφοτέρων
2099 2065 2279 2107 ἐπαιτούν-

1260 2131 1328 2153 των
1364 2117 1495 2168 (vulgo
1530 2116 1777 2164 ἐπαινούντων)
1802 2119 1834 2155 οἳ
1865 2120 2039 2166 Ἀθηναῖοι
2077 2121 2140 2170 τὴν
2178 2125 2276 2174 δίκην

1260 2172 1410 2222 ἔστησαν
1430 2175 1528 2214 ἐννέα
1543 2181 1674 2228 γενεαῖς
1695 2175 1836 2229 ὕστερον
1856 2175 1878 2223 ἢ
1898 2176 2018 2230 Ἄρης,
2037 2188 2107 2218 etc.

1533 2268 1674 2317 Epoclt.
1694 2269 1756 2306 26.
1783 2281 1838 2306 vs.
1858 2274 2000 2314 41-42.

1311 2348 1387 2397 Τὴν
1411 2349 1598 2399 Σαλαμῖνα
1627 2349 1819 2399 supplevit
1844 2350 2046 2399 Seldenus3
2074 2353 2275 2393 articulum

1258 2408 1472 2459 rejecerunt
1494 2406 1697 2445 Prideaux.
1716 2415 1754 2444 et
1776 2408 1927 2445 Boeckh.

1310 2471 1409 2514 Res,
1433 2466 1479 2503 de
1500 2479 1576 2516 qua
1606 2478 1643 2502 v.
1676 2464 1816 2503 Strabo
1834 2468 1950 2515 XIV,
1975 2467 2016 2515 5,
2039 2467 2060 2504 3
2075 2497 2085 2514 ‚
2118 2471 2276 2520 ponitur

1256 2535 1392 2575 septem
1421 2524 1528 2562 annis
1546 2531 1635 2574 post
1661 2531 1810 2574 captam
1837 2525 2012 2574 Trojam;
2032 2527 2144 2564 etiam
2164 2537 2274 2566 ante·

1256 2585 1397 2621 cedens
1417 2582 1564 2633 epocha
1590 2595 1638 2619 ex
1661 2590 1897 2620 vetustarum
1923 2585 2132 2637 ἀναγραφῶν
2159 2600 2269 2625 com·-

1256 2642 1454 2693 putatione
1474 2655 1494 2688 7
1511 2640 1619 2677 annis
1636 2648 1724 2690 post
1742 2639 1894 2689 Trojam
1915 2642 2092 2690 ponenda
2108 2651 2202 2681 erat.

1309 2703 1401 2746 Quae
1423 2699 1596 2749 sequitur
1622 2698 1771 2748 epocha
1794 2698 1842 2735 de
1867 2699 2026 2737 coloniis
2054 2701 2196 2739 Ionicis
2220 2701 2270 2740 ab

1254 2767 1383 2796 nostra
1398 2757 1566 2807 sejuncta
1586 2764 1642 2794 est
1668 2757 1740 2793 126
1758 2756 1887 2802 annis3
1908 2757 2012 2807 quod
2027 2757 2270 2799 intervallum

1254 2818 1412 2868 proprie
1427 2815 1648 2866 ponendum
1673 2823 1754 2851 erat
1772 2815 1872 2852 inter
1890 2814 2012 2865 Trojae
2027 2817 2215 2866 epocham
2231 2827 2270 2856 et

1253 2877 1355 2914 illam
1371 2874 1607 2912 coloniarum
1637 2873 1867 2910 Ionicarum.
1893 2876 2070 2911 Fortasse
2107 2875 2188 2914 haec
2221 2890 2271 2915 ex

1253 2934 1395 2984 Cyprio
1424 2932 1486 2969 vel
1507 2931 1711 2969 Salaminio
1731 2940 1888 2968 auctore
1917 2931 2052 2969 hausta
2066 2941 2176 2980 sunt3
2200 2935 2268 2984 qui

1251 3006 1274 3030 a
1304 2990 1504 3030 Salaminis
1518 2987 1732 3039 originibus
1753 2989 2005 3038 computavit,
2022 3002 2106 3039 quae
2122 2990 2171 3028 ab
2183 2991 2267 3031 aliis

1251 3064 1274 3089 a
1290 3050 1456 3100 Trojana
1468 3048 1615 3099 epocha
1634 3046 1967 3096 computabantur.
1979 3071 2023 3077 -
2032 3049 2281 3087 Monendum.

1250 3122 1343 3148 vero
1368 3117 1424 3146 est
1443 3111 1625 3146 Nostrum
1643 3105 1831 3155 epocham
1857 3105 2063 3155 Trojanam
2091 3119 2169 3144 non
2187 3119 2265 3158 po-,
2319 3155 2320 3162 γ

1250 3169 1391 3215 suisse,
1413 3167 1470 3204 uti
1500 3163 1684 3211 debebat,
1713 3164 1751 3200 in
1777 3176 1876 3200 anno
1896 3164 2168 3214 expeditionis,
2198 3164 2264 3203 sed
2319 3176 2320 3183 ¹

1251 3241 1340 3266 cum
1375 3225 1566 3276 plerisque
1599 3222 1753 3260 serioris
1784 3222 1902 3259 aetatis
1933 3221 2188 3272 scriptoribus
2220 3223 2320 3276 iuss

1251 3299 1352 3324 anno
1372 3282 1528 3330 excidii3
1551 3281 1656 3331 quod
1673 3280 1762 3317 inde
1781 3289 1942 3330 apparet
1955 3279 2060 3330 quod
2077 3280 2118 3317 in
2133 3280 2260 3330 lapide

1250 3346 1349 3383 inter
1365 3356 1424 3380 ee.
1448 3346 1497 3385 24
1520 3349 1558 3378 et
1578 3341 1626 3378 25
1645 3338 1765 3389 majus
1785 3339 1950 3389 spatium
1973 3351 2134 3377 vacuum
2167 3339 2260 3377 reli-

2284 3461 2307 3506 ἐξ

2272 3505 2313 3684 i
