<?xml version="1.0" encoding="UTF-8"?>
<!DOCTYPE html PUBLIC "-//W3C//DTD XHTML 1.0 Transitional//EN"
    "http://www.w3.org/TR/xhtml1/DTD/xhtml1-transitional.dtd">
<html xmlns="http://www.w3.org/1999/xhtml" xml:lang="en" lang="en">
 <head>
  <title>
</title>
<meta http-equiv="Content-Type" content="text/html;charset=utf-8" />
  <meta name='ocr-system' content='tesseract 3.04.00' />
  <meta name='ocr-capabilities' content='ocr_page ocr_carea ocr_par ocr_line ocrx_word'/>
</head>
<body>
  <div class='ocr_page' id='page_1' title='image "./fragmentahistori01mueluoft_0352.png"; bbox 0 0 2320 3684; ppageno 0'>
   <div class='ocr_carea' id='block_1_1' title="bbox 128 184 204 220">
    <p class='ocr_par' dir='ltr' id='par_1_1' title="bbox 128 184 204 220">
     <span class='ocr_line' id='line_1_1' title="bbox 128 184 204 220; baseline 0.039 -3"><span class='ocrx_word' id='word_1_1' title='bbox 128 184 204 220; x_wconf 77' lang='lat'>250</span> 
     </span>
    </p>
   </div>
   <div class='ocr_carea' id='block_1_2' title="bbox 69 268 1147 2030">
    <p class='ocr_par' dir='ltr' id='par_1_2' title="bbox 69 268 1147 2030">
     <span class='ocr_line' id='line_1_2' title="bbox 126 268 1147 324; baseline 0.002 -16"><span class='ocrx_word' id='word_1_2' title='bbox 126 284 186 314; x_wconf 91' lang='grc' dir='ltr'>σος</span> <span class='ocrx_word' id='word_1_3' title='bbox 202 272 358 324; x_wconf 77' lang='grc' dir='ltr'>ἀπαντᾷν</span> <span class='ocrx_word' id='word_1_4' title='bbox 376 270 460 324; x_wconf 81' lang='grc' dir='ltr'>πρὸς</span> <span class='ocrx_word' id='word_1_5' title='bbox 471 269 551 313; x_wconf 76' lang='grc' dir='ltr'>τοὺς</span> <span class='ocrx_word' id='word_1_6' title='bbox 568 269 706 321; x_wconf 84' lang='grc' dir='ltr'>ὁμοίους</span> <span class='ocrx_word' id='word_1_7' title='bbox 718 286 725 294; x_wconf 88' lang='grc'><em>·</em></span> <span class='ocrx_word' id='word_1_8' title='bbox 745 268 862 323; x_wconf 85' lang='grc' dir='ltr'>διόπερ</span> <span class='ocrx_word' id='word_1_9' title='bbox 879 268 960 314; x_wconf 77' lang='grc' dir='ltr'>τοὺς</span> <span class='ocrx_word' id='word_1_10' title='bbox 982 270 1044 321; x_wconf 84' lang='grc' dir='ltr'>μὲν</span> <span class='ocrx_word' id='word_1_11' title='bbox 1064 276 1147 310; x_wconf 88' lang='grc' dir='ltr'>παῖ-</span> 
     </span>
     <span class='ocr_line' id='line_1_3' title="bbox 125 333 1145 387; baseline -0.001 -15"><span class='ocrx_word' id='word_1_12' title='bbox 125 333 185 377; x_wconf 89' lang='grc' dir='ltr'>δας</span> <span class='ocrx_word' id='word_1_13' title='bbox 215 335 264 377; x_wconf 82' lang='grc' dir='ltr'>εἰς</span> <span class='ocrx_word' id='word_1_14' title='bbox 289 333 350 377; x_wconf 81' lang='grc' dir='ltr'>τὰς</span> <span class='ocrx_word' id='word_1_15' title='bbox 385 333 642 385; x_wconf 82' lang='grc' dir='ltr'>ὀνομαζομένας</span> <span class='ocrx_word' id='word_1_16' title='bbox 665 333 806 384; x_wconf 83' lang='grc' dir='ltr'>Ἀγέλας</span> <span class='ocrx_word' id='word_1_17' title='bbox 830 335 993 372; x_wconf 80' lang='grc' dir='ltr'>κελεῦσαι</span> <span class='ocrx_word' id='word_1_18' title='bbox 1010 339 1145 387; x_wconf 76' lang='grc' dir='ltr'>φοιτᾷν,</span> 
     </span>
     <span class='ocr_line' id='line_1_4' title="bbox 123 390 1145 446; baseline 0.002 -18"><span class='ocrx_word' id='word_1_19' title='bbox 123 390 202 434; x_wconf 81' lang='grc' dir='ltr'>τοὺς</span> <span class='ocrx_word' id='word_1_20' title='bbox 213 391 247 429; x_wconf 81' lang='grc' dir='ltr'>δὲ</span> <span class='ocrx_word' id='word_1_21' title='bbox 264 392 411 435; x_wconf 85' lang='grc' dir='ltr'>τελείους</span> <span class='ocrx_word' id='word_1_22' title='bbox 422 394 456 430; x_wconf 81' lang='grc' dir='ltr'>ἐν</span> <span class='ocrx_word' id='word_1_23' title='bbox 468 397 537 435; x_wconf 87' lang='grc' dir='ltr'>τοῖς</span> <span class='ocrx_word' id='word_1_24' title='bbox 548 391 735 434; x_wconf 80' lang='grc' dir='ltr'>συσσιτίοις</span> <span class='ocrx_word' id='word_1_25' title='bbox 743 421 753 439; x_wconf 96' lang='grc'>,</span> <span class='ocrx_word' id='word_1_26' title='bbox 768 391 790 429; x_wconf 80' lang='grc' dir='ltr'>ἃ</span> <span class='ocrx_word' id='word_1_27' title='bbox 801 393 966 430; x_wconf 80' lang='grc' dir='ltr'>καλοῦσιν</span> <span class='ocrx_word' id='word_1_28' title='bbox 981 392 1145 446; x_wconf 86' lang='grc' dir='ltr'>Ἀνδρεῖα,</span> 
     </span>
     <span class='ocr_line' id='line_1_5' title="bbox 122 446 1145 504; baseline 0.004 -19"><span class='ocrx_word' id='word_1_29' title='bbox 122 446 216 492; x_wconf 80' lang='grc' dir='ltr'>ὅπως</span> <span class='ocrx_word' id='word_1_30' title='bbox 230 452 299 488; x_wconf 87' lang='grc' dir='ltr'>τῶν</span> <span class='ocrx_word' id='word_1_31' title='bbox 318 449 401 488; x_wconf 83' lang='grc' dir='ltr'>ἴσων</span> <span class='ocrx_word' id='word_1_32' title='bbox 417 451 622 501; x_wconf 86' lang='grc' dir='ltr'>μετάσχοιεν</span> <span class='ocrx_word' id='word_1_33' title='bbox 636 455 706 492; x_wconf 90' lang='grc' dir='ltr'>τοῖς</span> <span class='ocrx_word' id='word_1_34' title='bbox 718 448 872 503; x_wconf 77' lang='grc' dir='ltr'>εὐπόροις</span> <span class='ocrx_word' id='word_1_35' title='bbox 890 452 922 488; x_wconf 80' lang='grc' dir='ltr'>οἱ</span> <span class='ocrx_word' id='word_1_36' title='bbox 934 450 1145 504; x_wconf 83' lang='grc' dir='ltr'>πενέστεροι,</span> 
     </span>
     <span class='ocr_line' id='line_1_6' title="bbox 124 506 1147 560; baseline 0.005 -16"><span class='ocrx_word' id='word_1_37' title='bbox 124 506 277 559; x_wconf 81' lang='grc' dir='ltr'>δημοσίᾳ</span> <span class='ocrx_word' id='word_1_38' title='bbox 293 506 515 560; x_wconf 83' lang='grc' dir='ltr'>τρεφόμενοι·</span> <span class='ocrx_word' id='word_1_39' title='bbox 535 507 620 560; x_wconf 80' lang='grc' dir='ltr'>πρὸς</span> <span class='ocrx_word' id='word_1_40' title='bbox 638 506 674 544; x_wconf 81' lang='grc' dir='ltr'>δὲ</span> <span class='ocrx_word' id='word_1_41' title='bbox 702 507 741 545; x_wconf 86' lang='grc' dir='ltr'>τὸ</span> <span class='ocrx_word' id='word_1_42' title='bbox 756 506 804 558; x_wconf 83' lang='grc' dir='ltr'>μὴ</span> <span class='ocrx_word' id='word_1_43' title='bbox 824 507 965 557; x_wconf 85' lang='grc' dir='ltr'>δειλίαν,</span> <span class='ocrx_word' id='word_1_44' title='bbox 984 510 1062 548; x_wconf 82' lang='grc' dir='ltr'>ἀλλ’</span> <span class='ocrx_word' id='word_1_45' title='bbox 1081 512 1147 548; x_wconf 88' lang='grc' dir='ltr'>ἀν-</span> 
     </span>
     <span class='ocr_line' id='line_1_7' title="bbox 123 563 1146 622; baseline 0.006 -21"><span class='ocrx_word' id='word_1_46' title='bbox 123 563 220 617; x_wconf 86' lang='grc' dir='ltr'>δρίαν</span> <span class='ocrx_word' id='word_1_47' title='bbox 235 571 388 618; x_wconf 84' lang='grc' dir='ltr'>κρατεῖν,</span> <span class='ocrx_word' id='word_1_48' title='bbox 412 567 452 602; x_wconf 79' lang='grc' dir='ltr'>ἐκ</span> <span class='ocrx_word' id='word_1_49' title='bbox 471 565 606 604; x_wconf 83' lang='grc' dir='ltr'>παίδων</span> <span class='ocrx_word' id='word_1_50' title='bbox 626 565 743 610; x_wconf 79' lang='grc' dir='ltr'>ὅπλοις</span> <span class='ocrx_word' id='word_1_51' title='bbox 776 566 835 604; x_wconf 77' lang='grc' dir='ltr'>καὶ</span> <span class='ocrx_word' id='word_1_52' title='bbox 863 565 979 611; x_wconf 88' lang='grc' dir='ltr'>πόνοις</span> <span class='ocrx_word' id='word_1_53' title='bbox 1001 568 1146 622; x_wconf 87' lang='grc' dir='ltr'>συντρέ-</span> 
     </span>
     <span class='ocr_line' id='line_1_8' title="bbox 122 621 1145 679; baseline 0.006 -20"><span class='ocrx_word' id='word_1_54' title='bbox 122 637 216 675; x_wconf 84' lang='grc' dir='ltr'>φειν·</span> <span class='ocrx_word' id='word_1_55' title='bbox 238 621 328 661; x_wconf 83' lang='grc' dir='ltr'>ὥστε</span> <span class='ocrx_word' id='word_1_56' title='bbox 349 629 576 677; x_wconf 83' lang='grc' dir='ltr'>καταφρονεῖν</span> <span class='ocrx_word' id='word_1_57' title='bbox 605 623 802 675; x_wconf 81' lang='grc' dir='ltr'>καύματος,</span> <span class='ocrx_word' id='word_1_58' title='bbox 826 625 885 663; x_wconf 79' lang='grc' dir='ltr'>καὶ</span> <span class='ocrx_word' id='word_1_59' title='bbox 905 625 1057 679; x_wconf 79' lang='grc' dir='ltr'>ψύχους,</span> <span class='ocrx_word' id='word_1_60' title='bbox 1085 627 1145 665; x_wconf 68' lang='grc' dir='ltr'>καὶΙ</span> 
     </span>
     <span class='ocr_line' id='line_1_9' title="bbox 119 680 1146 736; baseline 0.006 -19"><span class='ocrx_word' id='word_1_61' title='bbox 119 680 283 734; x_wconf 82' lang='grc' dir='ltr'>τραχείας</span> <span class='ocrx_word' id='word_1_62' title='bbox 302 682 381 718; x_wconf 83' lang='grc' dir='ltr'>ὁδοῦ</span> <span class='ocrx_word' id='word_1_63' title='bbox 404 681 463 719; x_wconf 81' lang='grc' dir='ltr'>καὶ</span> <span class='ocrx_word' id='word_1_64' title='bbox 483 681 666 730; x_wconf 84' lang='grc' dir='ltr'>ἀνάντους,</span> <span class='ocrx_word' id='word_1_65' title='bbox 683 683 742 720; x_wconf 77' lang='grc' dir='ltr'>καὶ</span> <span class='ocrx_word' id='word_1_66' title='bbox 759 685 903 734; x_wconf 82' lang='grc' dir='ltr'>πληγῶν</span> <span class='ocrx_word' id='word_1_67' title='bbox 915 686 985 722; x_wconf 87' lang='grc' dir='ltr'>τῶν</span> <span class='ocrx_word' id='word_1_68' title='bbox 1018 686 1053 722; x_wconf 81' lang='grc' dir='ltr'>ἐν</span> <span class='ocrx_word' id='word_1_69' title='bbox 1085 700 1146 736; x_wconf 84' lang='grc' dir='ltr'>γυ-</span> 
     </span>
     <span class='ocr_line' id='line_1_10' title="bbox 121 738 1144 793; baseline 0.006 -18"><span class='ocrx_word' id='word_1_70' title='bbox 121 738 279 789; x_wconf 90' lang='grc' dir='ltr'>μνασίοις</span> <span class='ocrx_word' id='word_1_71' title='bbox 308 739 368 778; x_wconf 71' lang='grc' dir='ltr'>καὶ</span> <span class='ocrx_word' id='word_1_72' title='bbox 396 740 527 792; x_wconf 81' lang='grc' dir='ltr'>μάχαις</span> <span class='ocrx_word' id='word_1_73' title='bbox 555 746 630 784; x_wconf 87' lang='grc' dir='ltr'>ταῖς</span> <span class='ocrx_word' id='word_1_74' title='bbox 647 740 738 779; x_wconf 83' lang='grc' dir='ltr'>κατὰ</span> <span class='ocrx_word' id='word_1_75' title='bbox 754 740 953 793; x_wconf 83' lang='grc' dir='ltr'>σύνταγμα·</span> <span class='ocrx_word' id='word_1_76' title='bbox 973 745 1090 781; x_wconf 84' lang='grc' dir='ltr'>ἀσκεῖν</span> <span class='ocrx_word' id='word_1_77' title='bbox 1108 742 1144 782; x_wconf 79' lang='grc' dir='ltr'>δὲ</span> 
     </span>
     <span class='ocr_line' id='line_1_11' title="bbox 119 796 1144 853; baseline 0.007 -20"><span class='ocrx_word' id='word_1_78' title='bbox 119 796 177 834; x_wconf 79' lang='grc' dir='ltr'>καὶ</span> <span class='ocrx_word' id='word_1_79' title='bbox 195 796 313 848; x_wconf 80' lang='grc' dir='ltr'>τοξικῇ</span> <span class='ocrx_word' id='word_1_80' title='bbox 331 797 388 836; x_wconf 80' lang='grc' dir='ltr'>καὶ</span> <span class='ocrx_word' id='word_1_81' title='bbox 409 799 558 852; x_wconf 80' lang='grc' dir='ltr'>ἐνοπλίῳ</span> <span class='ocrx_word' id='word_1_82' title='bbox 585 799 747 853; x_wconf 79' lang='grc' dir='ltr'>ὀρχήσει,</span> <span class='ocrx_word' id='word_1_83' title='bbox 766 799 808 847; x_wconf 86' lang='grc' dir='ltr'>ἣν</span> <span class='ocrx_word' id='word_1_84' title='bbox 827 800 1025 846; x_wconf 86' lang='grc' dir='ltr'>καταδεῖξαι</span> <span class='ocrx_word' id='word_1_85' title='bbox 1047 801 1144 840; x_wconf 84' lang='grc' dir='ltr'>Κού-</span> 
     </span>
     <span class='ocr_line' id='line_1_12' title="bbox 121 856 1143 911; baseline 0.007 -19"><span class='ocrx_word' id='word_1_86' title='bbox 121 870 207 907; x_wconf 90' lang='grc' dir='ltr'>ρητα</span> <span class='ocrx_word' id='word_1_87' title='bbox 220 858 372 909; x_wconf 83' lang='grc' dir='ltr'>πρῶτον,</span> <span class='ocrx_word' id='word_1_88' title='bbox 390 856 530 911; x_wconf 75' lang='grc' dir='ltr'>ὕστερον</span> <span class='ocrx_word' id='word_1_89' title='bbox 551 856 587 895; x_wconf 85' lang='grc' dir='ltr'>δὲ</span> <span class='ocrx_word' id='word_1_90' title='bbox 604 857 808 911; x_wconf 80' lang='grc' dir='ltr'>(Πύῤῥιχον,</span> <span class='ocrx_word' id='word_1_91' title='bbox 821 858 880 897; x_wconf 87' lang='grc' dir='ltr'>τὸν</span> <span class='ocrx_word' id='word_1_92' title='bbox 899 861 1053 911; x_wconf 86' lang='lat' dir='ltr'>supplet</span> <span class='ocrx_word' id='word_1_93' title='bbox 1069 864 1143 899; x_wconf 88' lang='lat' dir='ltr'>Ca-</span> 
     </span>
     <span class='ocr_line' id='line_1_13' title="bbox 119 913 1145 972; baseline 0.007 -22"><span class='ocrx_word' id='word_1_94' title='bbox 119 913 224 951; x_wconf 82' lang='lat' dir='ltr'>saub.</span> <span class='ocrx_word' id='word_1_95' title='bbox 234 914 271 963; x_wconf 83' lang='grc' dir='ltr'>α)</span> <span class='ocrx_word' id='word_1_96' title='bbox 280 914 338 952; x_wconf 84' lang='grc' dir='ltr'>καὶ</span> <span class='ocrx_word' id='word_1_97' title='bbox 357 915 571 960; x_wconf 86' lang='grc' dir='ltr'>συντάξαντα</span> <span class='ocrx_word' id='word_1_98' title='bbox 590 916 652 964; x_wconf 82' lang='grc' dir='ltr'>τὴν</span> <span class='ocrx_word' id='word_1_99' title='bbox 667 918 852 964; x_wconf 84' lang='grc' dir='ltr'>κληθεῖσαν</span> <span class='ocrx_word' id='word_1_100' title='bbox 868 918 926 956; x_wconf 79' lang='grc' dir='ltr'>ὑπ’</span> <span class='ocrx_word' id='word_1_101' title='bbox 943 920 1048 956; x_wconf 81' lang='grc' dir='ltr'>αὐτοῦ</span> <span class='ocrx_word' id='word_1_102' title='bbox 1059 921 1145 972; x_wconf 81' lang='grc' dir='ltr'>πυῤ-</span> 
     </span>
     <span class='ocr_line' id='line_1_14' title="bbox 121 969 1143 1030; baseline 0.006 -20"><span class='ocrx_word' id='word_1_103' title='bbox 121 972 234 1026; x_wconf 63' lang='grc' dir='ltr'>ᾧίχην,</span> <span class='ocrx_word' id='word_1_104' title='bbox 253 972 343 1011; x_wconf 80' lang='grc' dir='ltr'>ὥστε</span> <span class='ocrx_word' id='word_1_105' title='bbox 358 973 446 1024; x_wconf 84' lang='grc' dir='ltr'>μηδὲ</span> <span class='ocrx_word' id='word_1_106' title='bbox 462 973 525 1021; x_wconf 86' lang='grc' dir='ltr'>τὴν</span> <span class='ocrx_word' id='word_1_107' title='bbox 539 974 680 1013; x_wconf 85' lang='grc' dir='ltr'>παιδιὰν</span> <span class='ocrx_word' id='word_1_108' title='bbox 698 975 841 1029; x_wconf 85' lang='grc' dir='ltr'>ἄμοιρον</span> <span class='ocrx_word' id='word_1_109' title='bbox 855 969 943 1014; x_wconf 65' lang='grc' dir='ltr'>εἶναι</span> <span class='ocrx_word' id='word_1_110' title='bbox 969 979 1038 1015; x_wconf 89' lang='grc' dir='ltr'>τῶν</span> <span class='ocrx_word' id='word_1_111' title='bbox 1059 977 1143 1030; x_wconf 80' lang='grc' dir='ltr'>πρὸς</span> 
     </span>
     <span class='ocr_line' id='line_1_15' title="bbox 122 1030 1143 1088; baseline 0.005 -20"><span class='ocrx_word' id='word_1_112' title='bbox 122 1030 175 1069; x_wconf 83' lang='grc' dir='ltr'>τὸν</span> <span class='ocrx_word' id='word_1_113' title='bbox 197 1030 349 1083; x_wconf 89' lang='grc' dir='ltr'>πόλεμον</span> <span class='ocrx_word' id='word_1_114' title='bbox 367 1033 553 1086; x_wconf 89' lang='grc' dir='ltr'>χρησίμων</span> <span class='ocrx_word' id='word_1_115' title='bbox 564 1049 572 1058; x_wconf 88' lang='grc'>·</span> <span class='ocrx_word' id='word_1_116' title='bbox 589 1036 636 1077; x_wconf 87' lang='grc' dir='ltr'>ὡς</span> <span class='ocrx_word' id='word_1_117' title='bbox 659 1034 688 1072; x_wconf 85' lang='grc' dir='ltr'>δ’</span> <span class='ocrx_word' id='word_1_118' title='bbox 705 1033 817 1078; x_wconf 86' lang='grc' dir='ltr'>αὔτως</span> <span class='ocrx_word' id='word_1_119' title='bbox 839 1034 898 1072; x_wconf 78' lang='grc' dir='ltr'>καὶ</span> <span class='ocrx_word' id='word_1_120' title='bbox 915 1040 986 1078; x_wconf 88' lang='grc' dir='ltr'>τοῖς</span> <span class='ocrx_word' id='word_1_121' title='bbox 1003 1038 1143 1088; x_wconf 80' lang='grc' dir='ltr'>ῥυθμοῖς</span> 
     </span>
     <span class='ocr_line' id='line_1_16' title="bbox 119 1090 1138 1147; baseline 0.004 -17"><span class='ocrx_word' id='word_1_122' title='bbox 119 1090 306 1144; x_wconf 83' lang='grc' dir='ltr'>Κρητικοῖς</span> <span class='ocrx_word' id='word_1_123' title='bbox 338 1096 489 1146; x_wconf 78' lang='grc' dir='ltr'>χρῆσθαι</span> <span class='ocrx_word' id='word_1_124' title='bbox 508 1094 599 1132; x_wconf 86' lang='grc' dir='ltr'>κατὰ</span> <span class='ocrx_word' id='word_1_125' title='bbox 632 1094 694 1137; x_wconf 80' lang='grc' dir='ltr'>τὰς</span> <span class='ocrx_word' id='word_1_126' title='bbox 735 1093 827 1147; x_wconf 85' lang='grc' dir='ltr'>ᾠδὰς</span> <span class='ocrx_word' id='word_1_127' title='bbox 867 1096 1138 1140; x_wconf 86' lang='grc' dir='ltr'>συντονωτάτοις</span> 
     </span>
     <span class='ocr_line' id='line_1_17' title="bbox 119 1144 1141 1206; baseline 0.005 -19"><span class='ocrx_word' id='word_1_128' title='bbox 119 1144 225 1199; x_wconf 65' lang='grc' dir='ltr'>οὖσιν,</span> <span class='ocrx_word' id='word_1_129' title='bbox 246 1150 303 1194; x_wconf 81' lang='grc' dir='ltr'>οὒς</span> <span class='ocrx_word' id='word_1_130' title='bbox 320 1152 471 1198; x_wconf 87' lang='grc' dir='ltr'>Θάλητα</span> <span class='ocrx_word' id='word_1_131' title='bbox 491 1154 642 1206; x_wconf 84' lang='grc' dir='ltr'>ἀνευρεῖν</span> <span class='ocrx_word' id='word_1_132' title='bbox 653 1168 661 1176; x_wconf 94' lang='grc'>·</span> <span class='ocrx_word' id='word_1_133' title='bbox 679 1146 707 1206; x_wconf 71' lang='grc' dir='ltr'>ᾧ</span> <span class='ocrx_word' id='word_1_134' title='bbox 722 1153 782 1191; x_wconf 84' lang='grc' dir='ltr'>καὶ</span> <span class='ocrx_word' id='word_1_135' title='bbox 805 1152 883 1197; x_wconf 80' lang='grc' dir='ltr'>τοὺς</span> <span class='ocrx_word' id='word_1_136' title='bbox 917 1160 1065 1198; x_wconf 82' lang='grc' dir='ltr'>παιᾶνας</span> <span class='ocrx_word' id='word_1_137' title='bbox 1082 1155 1141 1193; x_wconf 89' lang='grc' dir='ltr'>καὶ</span> 
     </span>
     <span class='ocr_line' id='line_1_18' title="bbox 118 1207 1142 1264; baseline 0.006 -19"><span class='ocrx_word' id='word_1_138' title='bbox 118 1208 177 1251; x_wconf 82' lang='grc' dir='ltr'>τὰς</span> <span class='ocrx_word' id='word_1_139' title='bbox 193 1207 300 1252; x_wconf 82' lang='grc' dir='ltr'>ἄλλας</span> <span class='ocrx_word' id='word_1_140' title='bbox 310 1208 371 1252; x_wconf 80' lang='grc' dir='ltr'>τὰς</span> <span class='ocrx_word' id='word_1_141' title='bbox 388 1210 595 1264; x_wconf 83' lang='grc' dir='ltr'>ἐπιχωρίους</span> <span class='ocrx_word' id='word_1_142' title='bbox 612 1210 703 1264; x_wconf 82' lang='grc' dir='ltr'>ᾠδὰς</span> <span class='ocrx_word' id='word_1_143' title='bbox 719 1211 940 1260; x_wconf 85' lang='grc' dir='ltr'>ἀνατιθέασι,</span> <span class='ocrx_word' id='word_1_144' title='bbox 957 1212 1016 1250; x_wconf 83' lang='grc' dir='ltr'>καὶ</span> <span class='ocrx_word' id='word_1_145' title='bbox 1030 1212 1142 1251; x_wconf 82' lang='grc' dir='ltr'>πολλὰ</span> 
     </span>
     <span class='ocr_line' id='line_1_19' title="bbox 114 1267 1140 1324; baseline 0.005 -20"><span class='ocrx_word' id='word_1_146' title='bbox 114 1269 184 1304; x_wconf 88' lang='grc' dir='ltr'>τῶν</span> <span class='ocrx_word' id='word_1_147' title='bbox 206 1267 382 1319; x_wconf 88' lang='grc' dir='ltr'>νομίμων·</span> <span class='ocrx_word' id='word_1_148' title='bbox 403 1270 461 1307; x_wconf 85' lang='grc' dir='ltr'>καὶ</span> <span class='ocrx_word' id='word_1_149' title='bbox 486 1271 604 1316; x_wconf 80' lang='grc' dir='ltr'>ἐσθῆτι</span> <span class='ocrx_word' id='word_1_150' title='bbox 631 1269 668 1308; x_wconf 82' lang='grc' dir='ltr'>δὲ</span> <span class='ocrx_word' id='word_1_151' title='bbox 693 1271 752 1308; x_wconf 82' lang='grc' dir='ltr'>καὶ</span> <span class='ocrx_word' id='word_1_152' title='bbox 782 1270 943 1308; x_wconf 74' lang='grc' dir='ltr'>ὑποδέσει</span> <span class='ocrx_word' id='word_1_153' title='bbox 966 1273 1140 1324; x_wconf 83' lang='grc' dir='ltr'>πολεμικῇ</span> 
     </span>
     <span class='ocr_line' id='line_1_20' title="bbox 115 1323 1141 1382; baseline 0.006 -20"><span class='ocrx_word' id='word_1_154' title='bbox 115 1327 286 1378; x_wconf 73' lang='grc' dir='ltr'>χρῆσθαι,</span> <span class='ocrx_word' id='word_1_155' title='bbox 306 1326 365 1364; x_wconf 81' lang='grc' dir='ltr'>καὶ</span> <span class='ocrx_word' id='word_1_156' title='bbox 382 1329 452 1365; x_wconf 90' lang='grc' dir='ltr'>τῶν</span> <span class='ocrx_word' id='word_1_157' title='bbox 479 1327 598 1382; x_wconf 85' lang='grc' dir='ltr'>δώρων</span> <span class='ocrx_word' id='word_1_158' title='bbox 624 1328 821 1379; x_wconf 85' lang='grc' dir='ltr'>τιμιώτατα</span> <span class='ocrx_word' id='word_1_159' title='bbox 847 1330 963 1372; x_wconf 75' lang='grc' dir='ltr'>αὐτοῖς</span> <span class='ocrx_word' id='word_1_160' title='bbox 987 1323 1075 1367; x_wconf 65' lang='grc' dir='ltr'>εἶναι</span> <span class='ocrx_word' id='word_1_161' title='bbox 1098 1330 1141 1368; x_wconf 84' lang='grc' dir='ltr'>τὰ</span> 
     </span>
     <span class='ocr_line' id='line_1_21' title="bbox 69 1382 1140 1437; baseline 0.005 -17"><span class='ocrx_word' id='word_1_162' title='bbox 69 1394 72 1398; x_wconf 90' lang='grc'>’</span> <span class='ocrx_word' id='word_1_163' title='bbox 114 1382 218 1422; x_wconf 74' lang='grc' dir='ltr'>ὅπλα.</span> <span class='ocrx_word' id='word_1_164' title='bbox 238 1383 411 1437; x_wconf 87' lang='grc' dir='ltr'>Λέγεσθαι</span> <span class='ocrx_word' id='word_1_165' title='bbox 437 1386 466 1423; x_wconf 81' lang='grc' dir='ltr'>δ’</span> <span class='ocrx_word' id='word_1_166' title='bbox 495 1385 563 1424; x_wconf 83' lang='grc' dir='ltr'>ὑπό</span> <span class='ocrx_word' id='word_1_167' title='bbox 584 1403 701 1435; x_wconf 90' lang='grc' dir='ltr'>τινων,</span> <span class='ocrx_word' id='word_1_168' title='bbox 731 1389 777 1430; x_wconf 86' lang='grc' dir='ltr'>ὡς</span> <span class='ocrx_word' id='word_1_169' title='bbox 802 1387 992 1425; x_wconf 87' lang='grc' dir='ltr'>Λακωνικὰ</span> <span class='ocrx_word' id='word_1_170' title='bbox 1018 1387 1071 1435; x_wconf 87' lang='grc' dir='ltr'>εἴη</span> <span class='ocrx_word' id='word_1_171' title='bbox 1097 1388 1140 1426; x_wconf 86' lang='grc' dir='ltr'>τὰ</span> 
     </span>
     <span class='ocr_line' id='line_1_22' title="bbox 114 1442 1142 1498; baseline 0.006 -20"><span class='ocrx_word' id='word_1_172' title='bbox 114 1442 228 1480; x_wconf 90' lang='grc' dir='ltr'>πολλὰ</span> <span class='ocrx_word' id='word_1_173' title='bbox 247 1445 316 1480; x_wconf 90' lang='grc' dir='ltr'>τῶν</span> <span class='ocrx_word' id='word_1_174' title='bbox 333 1443 569 1496; x_wconf 85' lang='grc' dir='ltr'>νομιζομένων</span> <span class='ocrx_word' id='word_1_175' title='bbox 592 1447 780 1498; x_wconf 84' lang='grc' dir='ltr'>Κρητικῶν</span> <span class='ocrx_word' id='word_1_176' title='bbox 791 1461 799 1468; x_wconf 91' lang='grc'>·</span> <span class='ocrx_word' id='word_1_177' title='bbox 814 1445 854 1483; x_wconf 86' lang='grc' dir='ltr'>τὸ</span> <span class='ocrx_word' id='word_1_178' title='bbox 871 1445 901 1483; x_wconf 86' lang='grc' dir='ltr'>δ’</span> <span class='ocrx_word' id='word_1_179' title='bbox 917 1445 1042 1493; x_wconf 85' lang='grc' dir='ltr'>ἀληθὲς</span> <span class='ocrx_word' id='word_1_180' title='bbox 1056 1477 1066 1494; x_wconf 91' lang='grc'>,</span> <span class='ocrx_word' id='word_1_181' title='bbox 1085 1449 1142 1484; x_wconf 81' lang='grc' dir='ltr'>εὖ-</span> 
     </span>
     <span class='ocr_line' id='line_1_23' title="bbox 114 1498 1138 1557; baseline 0.006 -21"><span class='ocrx_word' id='word_1_182' title='bbox 114 1501 238 1551; x_wconf 76' lang='grc' dir='ltr'>ρῆσθαι</span> <span class='ocrx_word' id='word_1_183' title='bbox 256 1498 318 1549; x_wconf 83' lang='grc' dir='ltr'>μὲν</span> <span class='ocrx_word' id='word_1_184' title='bbox 335 1501 393 1539; x_wconf 81' lang='grc' dir='ltr'>ὑπ’</span> <span class='ocrx_word' id='word_1_185' title='bbox 410 1501 563 1550; x_wconf 82' lang='grc' dir='ltr'>ἐκείνων,</span> <span class='ocrx_word' id='word_1_186' title='bbox 582 1502 818 1556; x_wconf 73' lang='grc' dir='ltr'>ἠκριὸωκέναι</span> <span class='ocrx_word' id='word_1_187' title='bbox 843 1503 879 1541; x_wconf 84' lang='grc' dir='ltr'>δὲ</span> <span class='ocrx_word' id='word_1_188' title='bbox 905 1501 983 1546; x_wconf 83' lang='grc' dir='ltr'>τοὺς</span> <span class='ocrx_word' id='word_1_189' title='bbox 1011 1505 1138 1557; x_wconf 87' lang='grc' dir='ltr'>Σπαρ-</span> 
     </span>
     <span class='ocr_line' id='line_1_24' title="bbox 112 1557 1137 1615; baseline 0.005 -20"><span class='ocrx_word' id='word_1_190' title='bbox 112 1557 232 1601; x_wconf 79' lang='grc' dir='ltr'>τιάτας</span> <span class='ocrx_word' id='word_1_191' title='bbox 253 1559 285 1609; x_wconf 88' lang='lat' dir='ltr'>b)</span> <span class='ocrx_word' id='word_1_192' title='bbox 307 1574 316 1582; x_wconf 92' lang='lat'><strong>·</strong></span> <span class='ocrx_word' id='word_1_193' title='bbox 336 1558 415 1602; x_wconf 81' lang='grc' dir='ltr'>τοὺς</span> <span class='ocrx_word' id='word_1_194' title='bbox 435 1559 470 1597; x_wconf 86' lang='grc' dir='ltr'>δὲ</span> <span class='ocrx_word' id='word_1_195' title='bbox 494 1563 636 1613; x_wconf 83' lang='grc' dir='ltr'>Κρῆτας</span> <span class='ocrx_word' id='word_1_196' title='bbox 655 1563 887 1615; x_wconf 77' lang='grc' dir='ltr'>ὀλιγωρῆσαι,</span> <span class='ocrx_word' id='word_1_197' title='bbox 914 1564 1137 1600; x_wconf 87' lang='grc' dir='ltr'>κακωθεισῶν</span> 
     </span>
     <span class='ocr_line' id='line_1_25' title="bbox 111 1615 1139 1669; baseline 0.006 -16"><span class='ocrx_word' id='word_1_198' title='bbox 111 1618 180 1654; x_wconf 88' lang='grc' dir='ltr'>τῶν</span> <span class='ocrx_word' id='word_1_199' title='bbox 198 1615 346 1666; x_wconf 89' lang='grc' dir='ltr'>πόλεων,</span> <span class='ocrx_word' id='word_1_200' title='bbox 363 1617 423 1656; x_wconf 78' lang='grc' dir='ltr'>καὶ</span> <span class='ocrx_word' id='word_1_201' title='bbox 442 1618 597 1669; x_wconf 87' lang='grc' dir='ltr'>μάλιστα</span> <span class='ocrx_word' id='word_1_202' title='bbox 625 1623 688 1667; x_wconf 83' lang='grc' dir='ltr'>τ’ῆς</span> <span class='ocrx_word' id='word_1_203' title='bbox 712 1620 919 1669; x_wconf 87' lang='grc' dir='ltr'>Κνωσσίων,</span> <span class='ocrx_word' id='word_1_204' title='bbox 941 1622 1010 1658; x_wconf 89' lang='grc' dir='ltr'>τῶν</span> <span class='ocrx_word' id='word_1_205' title='bbox 1035 1622 1139 1659; x_wconf 88' lang='grc' dir='ltr'>πολε-</span> 
     </span>
     <span class='ocr_line' id='line_1_26' title="bbox 112 1669 1139 1733; baseline 0.006 -21"><span class='ocrx_word' id='word_1_206' title='bbox 112 1677 224 1724; x_wconf 87' lang='grc' dir='ltr'>μικῶν</span> <span class='ocrx_word' id='word_1_207' title='bbox 237 1691 245 1699; x_wconf 89' lang='grc'><em>·</em></span> <span class='ocrx_word' id='word_1_208' title='bbox 266 1669 353 1714; x_wconf 68' lang='grc' dir='ltr'>εἶναι</span> <span class='ocrx_word' id='word_1_209' title='bbox 371 1677 501 1728; x_wconf 87' lang='grc' dir='ltr'>(μεῖναι</span> <span class='ocrx_word' id='word_1_210' title='bbox 517 1679 618 1730; x_wconf 86' lang='lat' dir='ltr'>Cas.)</span> <span class='ocrx_word' id='word_1_211' title='bbox 635 1678 673 1717; x_wconf 87' lang='grc' dir='ltr'>δέ</span> <span class='ocrx_word' id='word_1_212' title='bbox 688 1695 766 1717; x_wconf 89' lang='grc' dir='ltr'>τινα</span> <span class='ocrx_word' id='word_1_213' title='bbox 782 1682 851 1718; x_wconf 91' lang='grc' dir='ltr'>τῶν</span> <span class='ocrx_word' id='word_1_214' title='bbox 868 1679 1027 1730; x_wconf 86' lang='grc' dir='ltr'>νομίμων</span> <span class='ocrx_word' id='word_1_215' title='bbox 1042 1679 1139 1733; x_wconf 81' lang='grc' dir='ltr'>παρὰ</span> 
     </span>
     <span class='ocr_line' id='line_1_27' title="bbox 111 1733 1139 1790; baseline 0.004 -18"><span class='ocrx_word' id='word_1_216' title='bbox 111 1733 275 1778; x_wconf 88' lang='grc' dir='ltr'>Λυκτίοις</span> <span class='ocrx_word' id='word_1_217' title='bbox 297 1735 354 1773; x_wconf 86' lang='grc' dir='ltr'>καὶ</span> <span class='ocrx_word' id='word_1_218' title='bbox 384 1736 582 1790; x_wconf 83' lang='grc' dir='ltr'>Γορτυνίοις</span> <span class='ocrx_word' id='word_1_219' title='bbox 609 1737 668 1775; x_wconf 77' lang='grc' dir='ltr'>καὶ</span> <span class='ocrx_word' id='word_1_220' title='bbox 700 1738 816 1781; x_wconf 83' lang='grc' dir='ltr'>ἄλλοις</span> <span class='ocrx_word' id='word_1_221' title='bbox 847 1738 918 1776; x_wconf 87' lang='grc' dir='ltr'>τισὶ</span> <span class='ocrx_word' id='word_1_222' title='bbox 944 1738 1139 1790; x_wconf 89' lang='grc' dir='ltr'>πολιχνίοις</span> 
     </span>
     <span class='ocr_line' id='line_1_28' title="bbox 112 1792 1138 1848; baseline 0.006 -19"><span class='ocrx_word' id='word_1_223' title='bbox 112 1793 259 1842; x_wconf 80' lang='grc' dir='ltr'>μᾶλλον,</span> <span class='ocrx_word' id='word_1_224' title='bbox 278 1792 300 1839; x_wconf 86' lang='grc' dir='ltr'>ἢ</span> <span class='ocrx_word' id='word_1_225' title='bbox 323 1794 407 1848; x_wconf 83' lang='grc' dir='ltr'>παρ’</span> <span class='ocrx_word' id='word_1_226' title='bbox 425 1795 583 1839; x_wconf 81' lang='grc' dir='ltr'>ἐκείνοις·</span> <span class='ocrx_word' id='word_1_227' title='bbox 602 1795 662 1834; x_wconf 83' lang='grc' dir='ltr'>καὶ</span> <span class='ocrx_word' id='word_1_228' title='bbox 681 1795 721 1843; x_wconf 82' lang='grc' dir='ltr'>δὴ</span> <span class='ocrx_word' id='word_1_229' title='bbox 742 1796 801 1834; x_wconf 80' lang='grc' dir='ltr'>καὶ</span> <span class='ocrx_word' id='word_1_230' title='bbox 818 1797 862 1834; x_wconf 88' lang='grc' dir='ltr'>τὰ</span> <span class='ocrx_word' id='word_1_231' title='bbox 887 1796 1047 1835; x_wconf 88' lang='grc' dir='ltr'>Λυκτίων</span> <span class='ocrx_word' id='word_1_232' title='bbox 1077 1796 1138 1834; x_wconf 84' lang='grc' dir='ltr'>νό-</span> 
     </span>
     <span class='ocr_line' id='line_1_29' title="bbox 110 1853 1138 1909; baseline 0.005 -21"><span class='ocrx_word' id='word_1_233' title='bbox 110 1866 202 1901; x_wconf 87' lang='grc' dir='ltr'>μιμα</span> <span class='ocrx_word' id='word_1_234' title='bbox 218 1855 390 1891; x_wconf 89' lang='grc' dir='ltr'>ποιεῖσθαι</span> <span class='ocrx_word' id='word_1_235' title='bbox 409 1853 600 1908; x_wconf 83' lang='grc' dir='ltr'>μαρτύρια,</span> <span class='ocrx_word' id='word_1_236' title='bbox 620 1854 698 1898; x_wconf 82' lang='grc' dir='ltr'>τοὺς</span> <span class='ocrx_word' id='word_1_237' title='bbox 716 1853 760 1893; x_wconf 82' lang='grc' dir='ltr'>τὰ</span> <span class='ocrx_word' id='word_1_238' title='bbox 779 1854 970 1894; x_wconf 82' lang='grc' dir='ltr'>Λακωνικὰ</span> <span class='ocrx_word' id='word_1_239' title='bbox 986 1854 1138 1909; x_wconf 77' lang='grc' dir='ltr'>πρεσὸύ-</span> 
     </span>
     <span class='ocr_line' id='line_1_30' title="bbox 108 1911 1137 1967; baseline 0.006 -21"><span class='ocrx_word' id='word_1_240' title='bbox 108 1924 195 1962; x_wconf 89' lang='grc' dir='ltr'>τερα</span> <span class='ocrx_word' id='word_1_241' title='bbox 216 1911 487 1964; x_wconf 73' lang='grc' dir='ltr'>ἀποφαίνοντας·</span> <span class='ocrx_word' id='word_1_242' title='bbox 505 1913 669 1957; x_wconf 87' lang='grc' dir='ltr'>ἀποίκους</span> <span class='ocrx_word' id='word_1_243' title='bbox 685 1913 752 1967; x_wconf 84' lang='grc' dir='ltr'>γὰρ</span> <span class='ocrx_word' id='word_1_244' title='bbox 770 1913 871 1957; x_wconf 82' lang='grc' dir='ltr'>ὄντας</span> <span class='ocrx_word' id='word_1_245' title='bbox 892 1914 1076 1967; x_wconf 83' lang='grc' dir='ltr'>φυλάττειν</span> <span class='ocrx_word' id='word_1_246' title='bbox 1093 1912 1137 1952; x_wconf 86' lang='grc' dir='ltr'>τὰ</span> 
     </span>
     <span class='ocr_line' id='line_1_31' title="bbox 109 1972 1135 2030; baseline 0.004 -18"><span class='ocrx_word' id='word_1_247' title='bbox 109 1976 170 2020; x_wconf 80' lang='grc' dir='ltr'>τῆς</span> <span class='ocrx_word' id='word_1_248' title='bbox 187 1974 433 2029; x_wconf 83' lang='grc' dir='ltr'>μητροπόλεως</span> <span class='ocrx_word' id='word_1_249' title='bbox 449 1976 509 2025; x_wconf 85' lang='grc' dir='ltr'>ἔθη</span> <span class='ocrx_word' id='word_1_250' title='bbox 523 1993 531 2001; x_wconf 90' lang='grc'><em>·</em></span> <span class='ocrx_word' id='word_1_251' title='bbox 550 1978 625 2016; x_wconf 80' lang='grc' dir='ltr'>ἐπεὶ</span> <span class='ocrx_word' id='word_1_252' title='bbox 650 1978 765 2022; x_wconf 84' lang='grc' dir='ltr'>ἄλλως</span> <span class='ocrx_word' id='word_1_253' title='bbox 782 1994 822 2030; x_wconf 91' lang='grc' dir='ltr'>γε</span> <span class='ocrx_word' id='word_1_254' title='bbox 841 1978 960 2026; x_wconf 83' lang='grc' dir='ltr'>εὔηθες</span> <span class='ocrx_word' id='word_1_255' title='bbox 982 1972 1070 2016; x_wconf 69' lang='grc' dir='ltr'>εἶναι</span> <span class='ocrx_word' id='word_1_256' title='bbox 1095 1977 1135 2016; x_wconf 83' lang='grc' dir='ltr'>τὸ</span> 
     </span>
    </p>
   </div>
   <div class='ocr_carea' id='block_1_3' title="bbox 106 2060 259 2069">
    <p class='ocr_par' dir='ltr' id='par_1_3' title="bbox 106 2060 259 2069">
     <span class='ocr_line' id='line_1_32' title="bbox 106 2060 259 2069; baseline 0 1615"><span class='ocrx_word' id='word_1_257' title='bbox 106 2060 259 2069; x_wconf 95' lang='lat' dir='ltr'> </span> 
     </span>
    </p>
   </div>
   <div class='ocr_carea' id='block_1_4' title="bbox 105 2107 1132 3422">
    <p class='ocr_par' dir='ltr' id='par_1_4' title="bbox 105 2107 1132 3422">
     <span class='ocr_line' id='line_1_33' title="bbox 106 2107 1129 2154; baseline 0.004 -14"><span class='ocrx_word' id='word_1_258' title='bbox 106 2107 225 2147; x_wconf 86' lang='lat' dir='ltr'>injuria</span> <span class='ocrx_word' id='word_1_259' title='bbox 241 2110 272 2140; x_wconf 90' lang='lat' dir='ltr'>et</span> <span class='ocrx_word' id='word_1_260' title='bbox 288 2110 494 2149; x_wconf 87' lang='lat' dir='ltr'>contumelia,</span> <span class='ocrx_word' id='word_1_261' title='bbox 510 2120 614 2152; x_wconf 88' lang='lat' dir='ltr'>neque</span> <span class='ocrx_word' id='word_1_262' title='bbox 633 2111 743 2143; x_wconf 85' lang='lat' dir='ltr'>odium</span> <span class='ocrx_word' id='word_1_263' title='bbox 760 2111 844 2144; x_wconf 87' lang='lat' dir='ltr'>inter</span> <span class='ocrx_word' id='word_1_264' title='bbox 862 2113 1004 2154; x_wconf 87' lang='lat' dir='ltr'>aequales</span> <span class='ocrx_word' id='word_1_265' title='bbox 1018 2113 1129 2144; x_wconf 89' lang='lat' dir='ltr'>oritur.</span> 
     </span>
     <span class='ocr_line' id='line_1_34' title="bbox 109 2156 1130 2201; baseline 0.007 -15"><span class='ocrx_word' id='word_1_266' title='bbox 109 2156 223 2195; x_wconf 87' lang='lat' dir='ltr'>ltaque</span> <span class='ocrx_word' id='word_1_267' title='bbox 237 2164 355 2196; x_wconf 89' lang='lat' dir='ltr'>pueros</span> <span class='ocrx_word' id='word_1_268' title='bbox 366 2157 464 2198; x_wconf 85' lang='lat' dir='ltr'>jussit</span> <span class='ocrx_word' id='word_1_269' title='bbox 479 2157 532 2189; x_wconf 87' lang='lat' dir='ltr'>ille</span> <span class='ocrx_word' id='word_1_270' title='bbox 544 2167 725 2192; x_wconf 87' lang='lat' dir='ltr'>commeare</span> <span class='ocrx_word' id='word_1_271' title='bbox 738 2160 771 2191; x_wconf 93' lang='lat' dir='ltr'>in</span> <span class='ocrx_word' id='word_1_272' title='bbox 794 2161 919 2201; x_wconf 85' lang='lat' dir='ltr'>Agelas‚</span> <span class='ocrx_word' id='word_1_273' title='bbox 938 2169 1020 2201; x_wconf 90' lang='lat' dir='ltr'>quas</span> <span class='ocrx_word' id='word_1_274' title='bbox 1037 2169 1130 2192; x_wconf 88' lang='lat' dir='ltr'>voca-</span> 
     </span>
     <span class='ocr_line' id='line_1_35' title="bbox 108 2202 1131 2248; baseline 0.006 -14"><span class='ocrx_word' id='word_1_275' title='bbox 108 2202 206 2242; x_wconf 87' lang='lat' dir='ltr'>bant,</span> <span class='ocrx_word' id='word_1_276' title='bbox 227 2203 318 2244; x_wconf 85' lang='lat' dir='ltr'><strong>quasi</strong></span> <span class='ocrx_word' id='word_1_277' title='bbox 337 2213 445 2245; x_wconf 82' lang='lat' dir='ltr'>greges</span> <span class='ocrx_word' id='word_1_278' title='bbox 461 2215 468 2237; x_wconf 92' lang='lat'>:</span> <span class='ocrx_word' id='word_1_279' title='bbox 486 2206 646 2247; x_wconf 76' lang='lat' dir='ltr'>perfectos</span> <span class='ocrx_word' id='word_1_280' title='bbox 666 2207 699 2238; x_wconf 93' lang='lat' dir='ltr'>in</span> <span class='ocrx_word' id='word_1_281' title='bbox 719 2208 854 2248; x_wconf 86' lang='lat' dir='ltr'>Syssitia</span> <span class='ocrx_word' id='word_1_282' title='bbox 876 2216 895 2239; x_wconf 87' lang='lat' dir='ltr'>a</span> <span class='ocrx_word' id='word_1_283' title='bbox 916 2208 1067 2240; x_wconf 87' lang='lat' dir='ltr'>convictu</span> <span class='ocrx_word' id='word_1_284' title='bbox 1083 2208 1131 2240; x_wconf 90' lang='lat' dir='ltr'>sic</span> 
     </span>
     <span class='ocr_line' id='line_1_36' title="bbox 106 2248 1130 2296; baseline 0.007 -16"><span class='ocrx_word' id='word_1_285' title='bbox 106 2248 204 2290; x_wconf 86' lang='lat' dir='ltr'>dicta,</span> <span class='ocrx_word' id='word_1_286' title='bbox 216 2251 249 2282; x_wconf 88' lang='lat' dir='ltr'>et</span> <span class='ocrx_word' id='word_1_287' title='bbox 264 2259 283 2283; x_wconf 87' lang='lat' dir='ltr'>a</span> <span class='ocrx_word' id='word_1_288' title='bbox 295 2251 380 2283; x_wconf 88' lang='lat' dir='ltr'>virili</span> <span class='ocrx_word' id='word_1_289' title='bbox 394 2253 488 2284; x_wconf 86' lang='lat' dir='ltr'>aetate</span> <span class='ocrx_word' id='word_1_290' title='bbox 503 2253 623 2286; x_wconf 77' lang='lat' dir='ltr'>Andria</span> <span class='ocrx_word' id='word_1_291' title='bbox 638 2263 645 2284; x_wconf 74' lang='grc' dir='ltr'><em>τ</em></span> <span class='ocrx_word' id='word_1_292' title='bbox 659 2257 696 2286; x_wconf 88' lang='lat' dir='ltr'>ut</span> <span class='ocrx_word' id='word_1_293' title='bbox 707 2255 836 2295; x_wconf 91' lang='lat' dir='ltr'>publice</span> <span class='ocrx_word' id='word_1_294' title='bbox 868 2254 991 2286; x_wconf 88' lang='lat' dir='ltr'>victum</span> <span class='ocrx_word' id='word_1_295' title='bbox 1006 2255 1130 2296; x_wconf 89' lang='lat' dir='ltr'>capien-</span> 
     </span>
     <span class='ocr_line' id='line_1_37' title="bbox 106 2295 1128 2341; baseline 0.006 -13"><span class='ocrx_word' id='word_1_296' title='bbox 106 2295 156 2329; x_wconf 84' lang='lat' dir='ltr'>tes</span> <span class='ocrx_word' id='word_1_297' title='bbox 171 2305 329 2338; x_wconf 78' lang='lat' dir='ltr'><strong>pauperes</strong></span> <span class='ocrx_word' id='word_1_298' title='bbox 350 2307 426 2330; x_wconf 90' lang='lat' dir='ltr'>cum</span> <span class='ocrx_word' id='word_1_299' title='bbox 448 2299 606 2332; x_wconf 89' lang='lat' dir='ltr'>divitibus</span> <span class='ocrx_word' id='word_1_300' title='bbox 628 2301 744 2341; x_wconf 87' lang='lat' dir='ltr'>aequali</span> <span class='ocrx_word' id='word_1_301' title='bbox 763 2301 948 2334; x_wconf 89' lang='lat' dir='ltr'>conditione</span> <span class='ocrx_word' id='word_1_302' title='bbox 971 2302 1128 2334; x_wconf 85' lang='lat' dir='ltr'>viverent.</span> 
     </span>
     <span class='ocr_line' id='line_1_38' title="bbox 106 2346 1131 2390; baseline 0.004 -14"><span class='ocrx_word' id='word_1_303' title='bbox 106 2346 153 2377; x_wconf 88' lang='lat' dir='ltr'>Ne</span> <span class='ocrx_word' id='word_1_304' title='bbox 165 2346 274 2377; x_wconf 83' lang='lat' dir='ltr'>autem</span> <span class='ocrx_word' id='word_1_305' title='bbox 287 2346 456 2387; x_wconf 81' lang='lat' dir='ltr'>timiditas,</span> <span class='ocrx_word' id='word_1_306' title='bbox 474 2347 532 2379; x_wconf 89' lang='lat' dir='ltr'>sed</span> <span class='ocrx_word' id='word_1_307' title='bbox 546 2349 583 2379; x_wconf 92' lang='lat' dir='ltr'>ut</span> <span class='ocrx_word' id='word_1_308' title='bbox 596 2348 749 2380; x_wconf 79' lang='lat' dir='ltr'>fortitudo</span> <span class='ocrx_word' id='word_1_309' title='bbox 765 2349 952 2389; x_wconf 79' lang='lat' dir='ltr'>praevaleret</span> <span class='ocrx_word' id='word_1_310' title='bbox 963 2372 972 2388; x_wconf 95' lang='lat'>,</span> <span class='ocrx_word' id='word_1_311' title='bbox 983 2358 1010 2380; x_wconf 70' lang='lat' dir='ltr'>‘a</span> <span class='ocrx_word' id='word_1_312' title='bbox 1030 2358 1131 2390; x_wconf 89' lang='lat' dir='ltr'>puero</span> 
     </span>
     <span class='ocr_line' id='line_1_39' title="bbox 106 2391 1131 2437; baseline 0.004 -13"><span class='ocrx_word' id='word_1_313' title='bbox 106 2391 206 2425; x_wconf 80' lang='lat' dir='ltr'>armis</span> <span class='ocrx_word' id='word_1_314' title='bbox 221 2394 255 2425; x_wconf 84' lang='lat' dir='ltr'>ct</span> <span class='ocrx_word' id='word_1_315' title='bbox 280 2392 445 2426; x_wconf 83' lang='lat' dir='ltr'>laboribus</span> <span class='ocrx_word' id='word_1_316' title='bbox 469 2402 524 2426; x_wconf 90' lang='lat' dir='ltr'>eos</span> <span class='ocrx_word' id='word_1_317' title='bbox 546 2394 746 2427; x_wconf 82' lang='lat' dir='ltr'>adsuefecit:</span> <span class='ocrx_word' id='word_1_318' title='bbox 767 2397 804 2428; x_wconf 87' lang='lat' dir='ltr'>ut</span> <span class='ocrx_word' id='word_1_319' title='bbox 821 2396 983 2437; x_wconf 80' lang='lat' dir='ltr'>despicere</span> <span class='ocrx_word' id='word_1_320' title='bbox 999 2398 1131 2437; x_wconf 87' lang='lat' dir='ltr'>possent</span> 
     </span>
     <span class='ocr_line' id='line_1_40' title="bbox 107 2441 1131 2484; baseline 0.002 -11"><span class='ocrx_word' id='word_1_321' title='bbox 107 2442 236 2480; x_wconf 76' lang='lat' dir='ltr'>aestum,</span> <span class='ocrx_word' id='word_1_322' title='bbox 252 2441 365 2481; x_wconf 81' lang='lat' dir='ltr'>frigus,</span> <span class='ocrx_word' id='word_1_323' title='bbox 379 2450 523 2482; x_wconf 82' lang='lat' dir='ltr'>asperam</span> <span class='ocrx_word' id='word_1_324' title='bbox 543 2441 763 2483; x_wconf 83' lang='lat' dir='ltr'>acclivemque</span> <span class='ocrx_word' id='word_1_325' title='bbox 774 2443 873 2482; x_wconf 85' lang='lat' dir='ltr'>viam,</span> <span class='ocrx_word' id='word_1_326' title='bbox 890 2445 922 2476; x_wconf 88' lang='lat' dir='ltr'>et</span> <span class='ocrx_word' id='word_1_327' title='bbox 937 2443 1032 2483; x_wconf 89' lang='lat' dir='ltr'>ictus,</span> <span class='ocrx_word' id='word_1_328' title='bbox 1049 2452 1131 2484; x_wconf 92' lang='lat' dir='ltr'>quos</span> 
     </span>
     <span class='ocr_line' id='line_1_41' title="bbox 105 2487 1130 2530; baseline 0.002 -11"><span class='ocrx_word' id='word_1_329' title='bbox 105 2487 289 2529; x_wconf 82' lang='lat' dir='ltr'>exciperent</span> <span class='ocrx_word' id='word_1_330' title='bbox 316 2488 349 2519; x_wconf 91' lang='lat' dir='ltr'>in</span> <span class='ocrx_word' id='word_1_331' title='bbox 366 2488 541 2529; x_wconf 86' lang='lat' dir='ltr'>gymnasiis</span> <span class='ocrx_word' id='word_1_332' title='bbox 562 2489 595 2520; x_wconf 89' lang='lat' dir='ltr'>et</span> <span class='ocrx_word' id='word_1_333' title='bbox 618 2489 791 2521; x_wconf 83' lang='lat' dir='ltr'>ordinariis</span> <span class='ocrx_word' id='word_1_334' title='bbox 803 2490 929 2530; x_wconf 86' lang='lat' dir='ltr'>pugnis.</span> <span class='ocrx_word' id='word_1_335' title='bbox 951 2490 1130 2522; x_wconf 81' lang='lat' dir='ltr'>Exercebat</span> 
     </span>
     <span class='ocr_line' id='line_1_42' title="bbox 107 2535 1132 2576; baseline 0 -10"><span class='ocrx_word' id='word_1_336' title='bbox 107 2535 203 2566; x_wconf 91' lang='lat' dir='ltr'>etiam</span> <span class='ocrx_word' id='word_1_337' title='bbox 213 2543 268 2566; x_wconf 87' lang='lat' dir='ltr'>eos</span> <span class='ocrx_word' id='word_1_338' title='bbox 282 2535 462 2576; x_wconf 81' lang='lat' dir='ltr'>sagittando</span> <span class='ocrx_word' id='word_1_339' title='bbox 475 2536 508 2567; x_wconf 90' lang='lat' dir='ltr'>et</span> <span class='ocrx_word' id='word_1_340' title='bbox 520 2536 642 2566; x_wconf 86' lang='lat' dir='ltr'>armata</span> <span class='ocrx_word' id='word_1_341' title='bbox 657 2535 837 2574; x_wconf 86' lang='lat' dir='ltr'>saltatione,</span> <span class='ocrx_word' id='word_1_342' title='bbox 851 2545 948 2576; x_wconf 86' lang='lat' dir='ltr'>quam</span> <span class='ocrx_word' id='word_1_343' title='bbox 960 2539 1059 2568; x_wconf 90' lang='lat' dir='ltr'>Cures</span> <span class='ocrx_word' id='word_1_344' title='bbox 1073 2536 1132 2576; x_wconf 88' lang='lat' dir='ltr'>pri-</span> 
     </span>
     <span class='ocr_line' id='line_1_43' title="bbox 107 2582 1130 2623; baseline 0.002 -10"><span class='ocrx_word' id='word_1_345' title='bbox 107 2590 182 2614; x_wconf 92' lang='lat' dir='ltr'>mus</span> <span class='ocrx_word' id='word_1_346' title='bbox 195 2582 333 2620; x_wconf 82' lang='lat' dir='ltr'>invenit,</span> <span class='ocrx_word' id='word_1_347' title='bbox 357 2583 469 2622; x_wconf 87' lang='lat' dir='ltr'>postea</span> <span class='ocrx_word' id='word_1_348' title='bbox 484 2591 562 2614; x_wconf 84' lang='lat' dir='ltr'>vero</span> <span class='ocrx_word' id='word_1_349' title='bbox 578 2582 774 2623; x_wconf 83' lang='lat' dir='ltr'>Pyrrhichus</span> <span class='ocrx_word' id='word_1_350' title='bbox 786 2606 795 2622; x_wconf 97' lang='lat'>,</span> <span class='ocrx_word' id='word_1_351' title='bbox 812 2583 866 2623; x_wconf 92' lang='lat' dir='ltr'>qui</span> <span class='ocrx_word' id='word_1_352' title='bbox 885 2583 981 2614; x_wconf 84' lang='lat' dir='ltr'>etiam</span> <span class='ocrx_word' id='word_1_353' title='bbox 998 2583 1038 2614; x_wconf 91' lang='lat' dir='ltr'>ab</span> <span class='ocrx_word' id='word_1_354' title='bbox 1060 2583 1130 2623; x_wconf 91' lang='lat' dir='ltr'>ipso</span> 
     </span>
     <span class='ocr_line' id='line_1_44' title="bbox 108 2628 1130 2670; baseline 0.002 -11"><span class='ocrx_word' id='word_1_355' title='bbox 108 2628 226 2659; x_wconf 88' lang='lat' dir='ltr'>dictam</span> <span class='ocrx_word' id='word_1_356' title='bbox 240 2629 435 2669; x_wconf 86' lang='lat' dir='ltr'>pyrrhichen</span> <span class='ocrx_word' id='word_1_357' title='bbox 449 2629 590 2661; x_wconf 89' lang='lat' dir='ltr'>instituit</span> <span class='ocrx_word' id='word_1_358' title='bbox 607 2640 614 2660; x_wconf 74' lang='grc' dir='ltr'>ε</span> <span class='ocrx_word' id='word_1_359' title='bbox 629 2631 666 2660; x_wconf 92' lang='lat' dir='ltr'>ut</span> <span class='ocrx_word' id='word_1_360' title='bbox 686 2638 727 2661; x_wconf 90' lang='lat' dir='ltr'>ne</span> <span class='ocrx_word' id='word_1_361' title='bbox 745 2629 840 2660; x_wconf 86' lang='lat' dir='ltr'>ludus</span> <span class='ocrx_word' id='word_1_362' title='bbox 864 2630 995 2670; x_wconf 90' lang='lat' dir='ltr'>quidem</span> <span class='ocrx_word' id='word_1_363' title='bbox 1017 2638 1130 2670; x_wconf 80' lang='lat' dir='ltr'>expers</span> 
     </span>
     <span class='ocr_line' id='line_1_45' title="bbox 107 2675 1130 2716; baseline -0.001 -8"><span class='ocrx_word' id='word_1_364' title='bbox 107 2678 193 2708; x_wconf 88' lang='lat' dir='ltr'>esset</span> <span class='ocrx_word' id='word_1_365' title='bbox 207 2685 315 2708; x_wconf 84' lang='lat' dir='ltr'>rerum</span> <span class='ocrx_word' id='word_1_366' title='bbox 331 2676 371 2708; x_wconf 90' lang='lat' dir='ltr'>ad</span> <span class='ocrx_word' id='word_1_367' title='bbox 387 2676 472 2708; x_wconf 90' lang='lat' dir='ltr'>bella</span> <span class='ocrx_word' id='word_1_368' title='bbox 488 2676 628 2708; x_wconf 87' lang='lat' dir='ltr'>utilium.</span> <span class='ocrx_word' id='word_1_369' title='bbox 644 2676 696 2708; x_wconf 90' lang='lat' dir='ltr'>Sic</span> <span class='ocrx_word' id='word_1_370' title='bbox 717 2677 749 2708; x_wconf 91' lang='lat' dir='ltr'>et</span> <span class='ocrx_word' id='word_1_371' title='bbox 764 2675 941 2715; x_wconf 80' lang='lat' dir='ltr'>rhythmis,</span> <span class='ocrx_word' id='word_1_372' title='bbox 958 2685 1041 2716; x_wconf 92' lang='lat' dir='ltr'>quos</span> <span class='ocrx_word' id='word_1_373' title='bbox 1057 2678 1130 2708; x_wconf 88' lang='lat' dir='ltr'>Cre-</span> 
     </span>
     <span class='ocr_line' id='line_1_46' title="bbox 107 2722 1131 2763; baseline 0 -9"><span class='ocrx_word' id='word_1_374' title='bbox 107 2722 189 2754; x_wconf 89' lang='lat' dir='ltr'>ticos</span> <span class='ocrx_word' id='word_1_375' title='bbox 202 2726 330 2763; x_wconf 88' lang='lat' dir='ltr'>vocant,</span> <span class='ocrx_word' id='word_1_376' title='bbox 345 2724 393 2756; x_wconf 81' lang='lat' dir='ltr'>uti</span> <span class='ocrx_word' id='word_1_377' title='bbox 406 2724 518 2755; x_wconf 89' lang='lat' dir='ltr'>docuit</span> <span class='ocrx_word' id='word_1_378' title='bbox 532 2723 785 2756; x_wconf 86' lang='lat' dir='ltr'>contentissimis</span> <span class='ocrx_word' id='word_1_379' title='bbox 804 2723 837 2754; x_wconf 92' lang='lat' dir='ltr'>in</span> <span class='ocrx_word' id='word_1_380' title='bbox 853 2723 1012 2755; x_wconf 80' lang='lat' dir='ltr'>cantilena</span> <span class='ocrx_word' id='word_1_381' title='bbox 1024 2747 1033 2763; x_wconf 92' lang='lat'>,</span> <span class='ocrx_word' id='word_1_382' title='bbox 1055 2732 1131 2763; x_wconf 93' lang='lat' dir='ltr'>quo-</span> 
     </span>
     <span class='ocr_line' id='line_1_47' title="bbox 108 2769 1131 2811; baseline -0.002 -9"><span class='ocrx_word' id='word_1_383' title='bbox 108 2779 181 2801; x_wconf 91' lang='lat' dir='ltr'>rum</span> <span class='ocrx_word' id='word_1_384' title='bbox 202 2773 315 2802; x_wconf 87' lang='lat' dir='ltr'>auctor</span> <span class='ocrx_word' id='word_1_385' title='bbox 335 2771 451 2802; x_wconf 88' lang='lat' dir='ltr'>Thales</span> <span class='ocrx_word' id='word_1_386' title='bbox 474 2770 629 2809; x_wconf 87' lang='lat' dir='ltr'>traditur,</span> <span class='ocrx_word' id='word_1_387' title='bbox 656 2770 708 2802; x_wconf 89' lang='lat' dir='ltr'>cui</span> <span class='ocrx_word' id='word_1_388' title='bbox 732 2778 859 2811; x_wconf 84' lang='lat' dir='ltr'>paeanes</span> <span class='ocrx_word' id='word_1_389' title='bbox 885 2770 983 2801; x_wconf 89' lang='lat' dir='ltr'>etiam</span> <span class='ocrx_word' id='word_1_390' title='bbox 1006 2769 1131 2810; x_wconf 88' lang='lat' dir='ltr'>aliaque</span> 
     </span>
     <span class='ocr_line' id='line_1_48' title="bbox 107 2816 1130 2858; baseline 0 -11"><span class='ocrx_word' id='word_1_391' title='bbox 107 2816 225 2848; x_wconf 87' lang='lat' dir='ltr'>usitata</span> <span class='ocrx_word' id='word_1_392' title='bbox 240 2817 312 2849; x_wconf 92' lang='lat' dir='ltr'>istis</span> <span class='ocrx_word' id='word_1_393' title='bbox 325 2818 479 2857; x_wconf 74' lang='lat' dir='ltr'>earmina,</span> <span class='ocrx_word' id='word_1_394' title='bbox 495 2817 662 2858; x_wconf 89' lang='lat' dir='ltr'>multaque</span> <span class='ocrx_word' id='word_1_395' title='bbox 676 2819 827 2858; x_wconf 88' lang='lat' dir='ltr'>praeterea</span> <span class='ocrx_word' id='word_1_396' title='bbox 849 2816 998 2848; x_wconf 86' lang='lat' dir='ltr'>instituta</span> <span class='ocrx_word' id='word_1_397' title='bbox 1013 2816 1130 2848; x_wconf 90' lang='lat' dir='ltr'>adscri-</span> 
     </span>
     <span class='ocr_line' id='line_1_49' title="bbox 108 2861 1131 2901; baseline 0.001 -8"><span class='ocrx_word' id='word_1_398' title='bbox 108 2861 240 2894; x_wconf 89' lang='lat' dir='ltr'>buntur.</span> <span class='ocrx_word' id='word_1_399' title='bbox 258 2865 278 2895; x_wconf 89' lang='lat' dir='ltr'><strong>J</strong></span> <span class='ocrx_word' id='word_1_400' title='bbox 281 2864 363 2895; x_wconf 90' lang='lat' dir='ltr'>ussit</span> <span class='ocrx_word' id='word_1_401' title='bbox 374 2864 471 2896; x_wconf 88' lang='lat' dir='ltr'>etiam</span> <span class='ocrx_word' id='word_1_402' title='bbox 484 2865 575 2896; x_wconf 85' lang='lat' dir='ltr'>veste</span> <span class='ocrx_word' id='word_1_403' title='bbox 589 2865 622 2896; x_wconf 91' lang='lat' dir='ltr'>et</span> <span class='ocrx_word' id='word_1_404' title='bbox 635 2864 742 2896; x_wconf 87' lang='lat' dir='ltr'>calceo</span> <span class='ocrx_word' id='word_1_405' title='bbox 758 2863 953 2894; x_wconf 86' lang='lat' dir='ltr'>militaribus</span> <span class='ocrx_word' id='word_1_406' title='bbox 971 2862 1030 2901; x_wconf 89' lang='lat' dir='ltr'>uti,</span> <span class='ocrx_word' id='word_1_407' title='bbox 1045 2864 1077 2894; x_wconf 91' lang='lat' dir='ltr'>et</span> <span class='ocrx_word' id='word_1_408' title='bbox 1091 2862 1131 2895; x_wconf 92' lang='lat' dir='ltr'>de</span> 
     </span>
     <span class='ocr_line' id='line_1_50' title="bbox 108 2907 1130 2951; baseline 0.002 -12"><span class='ocrx_word' id='word_1_409' title='bbox 108 2907 202 2940; x_wconf 91' lang='lat' dir='ltr'>donis</span> <span class='ocrx_word' id='word_1_410' title='bbox 218 2910 397 2951; x_wconf 88' lang='lat' dir='ltr'>principem</span> <span class='ocrx_word' id='word_1_411' title='bbox 426 2911 581 2942; x_wconf 91' lang='lat' dir='ltr'>honorem</span> <span class='ocrx_word' id='word_1_412' title='bbox 606 2910 705 2942; x_wconf 91' lang='lat' dir='ltr'>armis</span> <span class='ocrx_word' id='word_1_413' title='bbox 723 2910 856 2942; x_wconf 83' lang='lat' dir='ltr'>deferre.</span> <span class='ocrx_word' id='word_1_414' title='bbox 878 2909 931 2942; x_wconf 90' lang='lat' dir='ltr'>Ait</span> <span class='ocrx_word' id='word_1_415' title='bbox 953 2912 1106 2950; x_wconf 85' lang='lat' dir='ltr'>praeterea</span> <span class='ocrx_word' id='word_1_416' title='bbox 1121 2933 1130 2948; x_wconf 90' lang='lat'>,</span> 
     </span>
     <span class='ocr_line' id='line_1_51' title="bbox 108 2955 1129 2998; baseline 0.002 -13"><span class='ocrx_word' id='word_1_417' title='bbox 108 2955 267 2994; x_wconf 89' lang='lat' dir='ltr'>quosdam</span> <span class='ocrx_word' id='word_1_418' title='bbox 289 2965 360 2989; x_wconf 90' lang='lat' dir='ltr'>esse</span> <span class='ocrx_word' id='word_1_419' title='bbox 370 2957 424 2997; x_wconf 90' lang='lat' dir='ltr'>qui</span> <span class='ocrx_word' id='word_1_420' title='bbox 437 2957 556 2996; x_wconf 88' lang='lat' dir='ltr'>dicant,</span> <span class='ocrx_word' id='word_1_421' title='bbox 566 2957 717 2998; x_wconf 86' lang='lat' dir='ltr'>pleraque</span> <span class='ocrx_word' id='word_1_422' title='bbox 726 2965 836 2989; x_wconf 85' lang='lat' dir='ltr'>eorum</span> <span class='ocrx_word' id='word_1_423' title='bbox 847 2965 920 2997; x_wconf 87' lang='lat' dir='ltr'>quae</span> <span class='ocrx_word' id='word_1_424' title='bbox 929 2956 1129 2988; x_wconf 86' lang='lat' dir='ltr'>Cretensium</span> 
     </span>
     <span class='ocr_line' id='line_1_52' title="bbox 107 3004 1130 3045; baseline 0.003 -14"><span class='ocrx_word' id='word_1_425' title='bbox 107 3005 311 3034; x_wconf 89' lang='lat' dir='ltr'>censerentur</span> <span class='ocrx_word' id='word_1_426' title='bbox 321 3004 481 3044; x_wconf 88' lang='lat' dir='ltr'>instituta,</span> <span class='ocrx_word' id='word_1_427' title='bbox 493 3007 722 3045; x_wconf 87' lang='lat' dir='ltr'>Spartanorum</span> <span class='ocrx_word' id='word_1_428' title='bbox 735 3012 807 3036; x_wconf 90' lang='lat' dir='ltr'>esse</span> <span class='ocrx_word' id='word_1_429' title='bbox 818 3012 934 3044; x_wconf 84' lang='lat' dir='ltr'>:quum</span> <span class='ocrx_word' id='word_1_430' title='bbox 942 3011 1051 3034; x_wconf 87' lang='lat' dir='ltr'>revera</span> <span class='ocrx_word' id='word_1_431' title='bbox 1058 3005 1130 3035; x_wconf 86' lang='lat' dir='ltr'>Gre-</span> 
     </span>
     <span class='ocr_line' id='line_1_53' title="bbox 106 3049 1128 3094; baseline 0.002 -15"><span class='ocrx_word' id='word_1_432' title='bbox 106 3049 212 3081; x_wconf 89' lang='lat' dir='ltr'>tenses</span> <span class='ocrx_word' id='word_1_433' title='bbox 222 3059 258 3082; x_wconf 90' lang='lat' dir='ltr'>ea</span> <span class='ocrx_word' id='word_1_434' title='bbox 267 3052 512 3092; x_wconf 84' lang='lat' dir='ltr'>excogitassent,</span> <span class='ocrx_word' id='word_1_435' title='bbox 521 3052 667 3094; x_wconf 89' lang='lat' dir='ltr'>Spartani</span> <span class='ocrx_word' id='word_1_436' title='bbox 676 3052 856 3084; x_wconf 84' lang='lat' dir='ltr'>accuratius</span> <span class='ocrx_word' id='word_1_437' title='bbox 863 3051 1112 3083; x_wconf 84' lang='lat' dir='ltr'>elaboravissent</span> <span class='ocrx_word' id='word_1_438' title='bbox 1121 3060 1128 3081; x_wconf 73' lang='grc' dir='ltr'><strong><em>ε</em></strong></span> 
     </span>
     <span class='ocr_line' id='line_1_54' title="bbox 107 3096 1130 3140; baseline 0.002 -14"><span class='ocrx_word' id='word_1_439' title='bbox 107 3096 276 3129; x_wconf 87' lang='lat' dir='ltr'>Cretenses</span> <span class='ocrx_word' id='word_1_440' title='bbox 289 3107 366 3130; x_wconf 84' lang='lat' dir='ltr'>vero</span> <span class='ocrx_word' id='word_1_441' title='bbox 379 3108 415 3130; x_wconf 88' lang='lat' dir='ltr'>ea</span> <span class='ocrx_word' id='word_1_442' title='bbox 434 3100 623 3140; x_wconf 81' lang='lat' dir='ltr'>neglexisse,</span> <span class='ocrx_word' id='word_1_443' title='bbox 637 3098 763 3131; x_wconf 82' lang='lat' dir='ltr'>afflictis</span> <span class='ocrx_word' id='word_1_444' title='bbox 776 3098 910 3130; x_wconf 82' lang='lat' dir='ltr'>urbibus</span> <span class='ocrx_word' id='word_1_445' title='bbox 923 3106 1034 3130; x_wconf 88' lang='lat' dir='ltr'>eorum</span> <span class='ocrx_word' id='word_1_446' title='bbox 1046 3097 1130 3129; x_wconf 86' lang='lat' dir='ltr'>belli-</span> 
     </span>
     <span class='ocr_line' id='line_1_55' title="bbox 105 3142 1131 3187; baseline 0.004 -14"><span class='ocrx_word' id='word_1_447' title='bbox 105 3142 203 3181; x_wconf 86' lang='lat' dir='ltr'>cosis,</span> <span class='ocrx_word' id='word_1_448' title='bbox 218 3144 357 3177; x_wconf 85' lang='lat' dir='ltr'>maxime</span> <span class='ocrx_word' id='word_1_449' title='bbox 372 3149 496 3178; x_wconf 82' lang='lat' dir='ltr'>Gnosso</span> <span class='ocrx_word' id='word_1_450' title='bbox 508 3147 676 3187; x_wconf 84' lang='lat' dir='ltr'>:quaedam</span> <span class='ocrx_word' id='word_1_451' title='bbox 690 3155 765 3178; x_wconf 90' lang='lat' dir='ltr'>ve1o</span> <span class='ocrx_word' id='word_1_452' title='bbox 778 3146 926 3179; x_wconf 86' lang='lat' dir='ltr'>instituta</span> <span class='ocrx_word' id='word_1_453' title='bbox 933 3146 1054 3178; x_wconf 89' lang='lat' dir='ltr'>diutius</span> <span class='ocrx_word' id='word_1_454' title='bbox 1065 3155 1131 3177; x_wconf 88' lang='lat' dir='ltr'>ser·</span> 
     </span>
     <span class='ocr_line' id='line_1_56' title="bbox 106 3190 1129 3234; baseline 0.005 -15"><span class='ocrx_word' id='word_1_455' title='bbox 106 3190 182 3220; x_wconf 88' lang='lat' dir='ltr'>vata</span> <span class='ocrx_word' id='word_1_456' title='bbox 199 3198 270 3222; x_wconf 91' lang='lat' dir='ltr'>esse</span> <span class='ocrx_word' id='word_1_457' title='bbox 282 3192 366 3231; x_wconf 89' lang='lat' dir='ltr'>apud</span> <span class='ocrx_word' id='word_1_458' title='bbox 387 3194 532 3233; x_wconf 82' lang='lat' dir='ltr'>Lyctios,</span> <span class='ocrx_word' id='word_1_459' title='bbox 555 3195 729 3234; x_wconf 88' lang='lat' dir='ltr'>Gortynios</span> <span class='ocrx_word' id='word_1_460' title='bbox 752 3195 784 3226; x_wconf 91' lang='lat' dir='ltr'>et</span> <span class='ocrx_word' id='word_1_461' title='bbox 799 3194 831 3225; x_wconf 90' lang='lat' dir='ltr'>in</span> <span class='ocrx_word' id='word_1_462' title='bbox 849 3194 918 3225; x_wconf 88' lang='lat' dir='ltr'>aliis</span> <span class='ocrx_word' id='word_1_463' title='bbox 935 3193 1129 3234; x_wconf 84' lang='lat' dir='ltr'>quibusdam</span> 
     </span>
     <span class='ocr_line' id='line_1_57' title="bbox 106 3234 1130 3280; baseline 0.006 -15"><span class='ocrx_word' id='word_1_464' title='bbox 106 3234 285 3275; x_wconf 89' lang='lat' dir='ltr'>oppidulis‚</span> <span class='ocrx_word' id='word_1_465' title='bbox 303 3246 399 3276; x_wconf 87' lang='lat' dir='ltr'>quam</span> <span class='ocrx_word' id='word_1_466' title='bbox 417 3239 503 3278; x_wconf 88' lang='lat' dir='ltr'>apud</span> <span class='ocrx_word' id='word_1_467' title='bbox 522 3240 687 3272; x_wconf 89' lang='lat' dir='ltr'>Cnossios.</span> <span class='ocrx_word' id='word_1_468' title='bbox 711 3242 898 3280; x_wconf 81' lang='lat' dir='ltr'>Lyctiomm</span> <span class='ocrx_word' id='word_1_469' title='bbox 932 3248 1061 3280; x_wconf 86' lang='lat' dir='ltr'>quoque</span> <span class='ocrx_word' id='word_1_470' title='bbox 1088 3239 1130 3271; x_wconf 86' lang='lat' dir='ltr'>le-</span> 
     </span>
     <span class='ocr_line' id='line_1_58' title="bbox 107 3282 1131 3327; baseline 0.008 -17"><span class='ocrx_word' id='word_1_471' title='bbox 107 3288 162 3320; x_wconf 86' lang='lat' dir='ltr'>ges</span> <span class='ocrx_word' id='word_1_472' title='bbox 178 3282 211 3311; x_wconf 90' lang='lat' dir='ltr'>in</span> <span class='ocrx_word' id='word_1_473' title='bbox 227 3282 449 3314; x_wconf 84' lang='lat' dir='ltr'>testimonium</span> <span class='ocrx_word' id='word_1_474' title='bbox 464 3286 548 3316; x_wconf 87' lang='lat' dir='ltr'>trahi</span> <span class='ocrx_word' id='word_1_475' title='bbox 561 3286 601 3317; x_wconf 86' lang='lat' dir='ltr'>ab</span> <span class='ocrx_word' id='word_1_476' title='bbox 621 3286 670 3318; x_wconf 91' lang='lat' dir='ltr'>his</span> <span class='ocrx_word' id='word_1_477' title='bbox 682 3312 690 3326; x_wconf 92' lang='lat'>‚</span> <span class='ocrx_word' id='word_1_478' title='bbox 710 3287 766 3327; x_wconf 91' lang='lat' dir='ltr'>qui</span> <span class='ocrx_word' id='word_1_479' title='bbox 782 3287 958 3318; x_wconf 87' lang='lat' dir='ltr'>Laconicas</span> <span class='ocrx_word' id='word_1_480' title='bbox 974 3286 1131 3326; x_wconf 88' lang='lat' dir='ltr'>antiquio·</span> 
     </span>
     <span class='ocr_line' id='line_1_59' title="bbox 107 3329 1130 3374; baseline 0.008 -17"><span class='ocrx_word' id='word_1_481' title='bbox 107 3335 157 3359; x_wconf 86' lang='lat' dir='ltr'>res</span> <span class='ocrx_word' id='word_1_482' title='bbox 192 3329 342 3368; x_wconf 86' lang='lat' dir='ltr'>putarent</span> <span class='ocrx_word' id='word_1_483' title='bbox 367 3340 374 3360; x_wconf 89' lang='lat'>:</span> <span class='ocrx_word' id='word_1_484' title='bbox 399 3331 530 3363; x_wconf 86' lang='lat' dir='ltr'>colonos</span> <span class='ocrx_word' id='word_1_485' title='bbox 554 3333 638 3364; x_wconf 86' lang='lat' dir='ltr'>enim</span> <span class='ocrx_word' id='word_1_486' title='bbox 661 3342 715 3365; x_wconf 88' lang='lat' dir='ltr'>eos</span> <span class='ocrx_word' id='word_1_487' title='bbox 738 3335 968 3374; x_wconf 82' lang='lat' dir='ltr'>Spartanorum</span> <span class='ocrx_word' id='word_1_488' title='bbox 1004 3342 1130 3365; x_wconf 83' lang='lat' dir='ltr'>servare</span> 
     </span>
     <span class='ocr_line' id='line_1_60' title="bbox 106 3374 1129 3422; baseline 0.006 -18"><span class='ocrx_word' id='word_1_489' title='bbox 106 3374 291 3415; x_wconf 85' lang='lat' dir='ltr'>metropolis</span> <span class='ocrx_word' id='word_1_490' title='bbox 307 3383 374 3408; x_wconf 86' lang='lat' dir='ltr'>suae</span> <span class='ocrx_word' id='word_1_491' title='bbox 389 3377 537 3410; x_wconf 80' lang='lat' dir='ltr'>instituta</span> <span class='ocrx_word' id='word_1_492' title='bbox 561 3389 565 3408; x_wconf 93' lang='lat'>:</span> <span class='ocrx_word' id='word_1_493' title='bbox 585 3379 725 3419; x_wconf 83' lang='lat' dir='ltr'>alioquin</span> <span class='ocrx_word' id='word_1_494' title='bbox 740 3380 886 3422; x_wconf 80' lang='lat' dir='ltr'>ineptum</span> <span class='ocrx_word' id='word_1_495' title='bbox 904 3389 985 3418; x_wconf 89' lang='lat' dir='ltr'>esse,</span> <span class='ocrx_word' id='word_1_496' title='bbox 1006 3382 1041 3412; x_wconf 91' lang='lat' dir='ltr'>ut</span> <span class='ocrx_word' id='word_1_497' title='bbox 1055 3389 1129 3420; x_wconf 88' lang='lat' dir='ltr'>quo-</span> 
     </span>
    </p>
   </div>
   <div class='ocr_carea' id='block_1_5' title="bbox 900 184 1449 227">
    <p class='ocr_par' dir='ltr' id='par_1_5' title="bbox 900 184 1449 227">
     <span class='ocr_line' id='line_1_61' title="bbox 900 184 1449 227; baseline 0.009 -5"><span class='ocrx_word' id='word_1_498' title='bbox 900 184 1091 224; x_wconf 80' lang='lat' dir='ltr'>EPHORI</span> <span class='ocrx_word' id='word_1_499' title='bbox 1118 186 1449 227; x_wconf 83' lang='lat' dir='ltr'><strong>FRAGMENTA.</strong></span> 
     </span>
    </p>
   </div>
   <div class='ocr_carea' id='block_1_6' title="bbox 1196 271 2225 2032">
    <p class='ocr_par' dir='ltr' id='par_1_6' title="bbox 1196 271 2225 2032">
     <span class='ocr_line' id='line_1_62' title="bbox 1204 271 2221 336; baseline 0.015 -27"><span class='ocrx_word' id='word_1_500' title='bbox 1204 271 1282 316; x_wconf 75' lang='grc' dir='ltr'>τοὺς</span> <span class='ocrx_word' id='word_1_501' title='bbox 1300 272 1432 325; x_wconf 84' lang='grc' dir='ltr'>βέλτιον</span> <span class='ocrx_word' id='word_1_502' title='bbox 1453 277 1669 319; x_wconf 80' lang='grc' dir='ltr'>συνεστῶτας</span> <span class='ocrx_word' id='word_1_503' title='bbox 1683 276 1742 315; x_wconf 84' lang='grc' dir='ltr'>καὶ</span> <span class='ocrx_word' id='word_1_504' title='bbox 1760 278 2043 330; x_wconf 87' lang='grc' dir='ltr'>πολιτευόμενους</span> <span class='ocrx_word' id='word_1_505' title='bbox 2057 284 2127 322; x_wconf 89' lang='grc' dir='ltr'>τῶν</span> <span class='ocrx_word' id='word_1_506' title='bbox 2143 298 2221 336; x_wconf 84' lang='grc' dir='ltr'>χει-</span> 
     </span>
     <span class='ocr_line' id='line_1_63' title="bbox 1206 329 2220 393; baseline 0.014 -25"><span class='ocrx_word' id='word_1_507' title='bbox 1206 329 1312 384; x_wconf 88' lang='grc' dir='ltr'>ρόνων</span> <span class='ocrx_word' id='word_1_508' title='bbox 1330 331 1486 379; x_wconf 84' lang='grc' dir='ltr'>ζηλωτὰς</span> <span class='ocrx_word' id='word_1_509' title='bbox 1499 334 1717 387; x_wconf 86' lang='grc' dir='ltr'>ἀποφαίνειν·</span> <span class='ocrx_word' id='word_1_510' title='bbox 1738 338 1800 374; x_wconf 83' lang='grc' dir='ltr'>οὐκ</span> <span class='ocrx_word' id='word_1_511' title='bbox 1815 331 1853 375; x_wconf 63' lang='grc' dir='ltr'>εὖ</span> <span class='ocrx_word' id='word_1_512' title='bbox 1867 337 1903 375; x_wconf 80' lang='grc' dir='ltr'>δὲ</span> <span class='ocrx_word' id='word_1_513' title='bbox 1920 342 2031 378; x_wconf 84' lang='grc' dir='ltr'>ταῦτα</span> <span class='ocrx_word' id='word_1_514' title='bbox 2049 341 2220 393; x_wconf 81' lang='grc' dir='ltr'>λέγεσθαι·</span> 
     </span>
     <span class='ocr_line' id='line_1_64' title="bbox 1204 388 2223 452; baseline 0.012 -25"><span class='ocrx_word' id='word_1_515' title='bbox 1204 388 1282 427; x_wconf 83' lang='grc' dir='ltr'>οὔτε</span> <span class='ocrx_word' id='word_1_516' title='bbox 1300 389 1366 444; x_wconf 82' lang='grc' dir='ltr'>γὰρ</span> <span class='ocrx_word' id='word_1_517' title='bbox 1383 393 1423 429; x_wconf 78' lang='grc' dir='ltr'>ἐκ</span> <span class='ocrx_word' id='word_1_518' title='bbox 1438 393 1506 430; x_wconf 88' lang='grc' dir='ltr'>τῶν</span> <span class='ocrx_word' id='word_1_519' title='bbox 1523 396 1583 430; x_wconf 76' lang='grc' dir='ltr'>νῦν</span> <span class='ocrx_word' id='word_1_520' title='bbox 1602 394 1864 441; x_wconf 87' lang='grc' dir='ltr'>καθεστηκότων</span> <span class='ocrx_word' id='word_1_521' title='bbox 1883 395 1928 434; x_wconf 79' lang='grc' dir='ltr'>τὰ</span> <span class='ocrx_word' id='word_1_522' title='bbox 1945 397 2079 436; x_wconf 86' lang='grc' dir='ltr'>παλαιὰ</span> <span class='ocrx_word' id='word_1_523' title='bbox 2091 415 2223 452; x_wconf 86' lang='grc' dir='ltr'>τεκμη-</span> 
     </span>
     <span class='ocr_line' id='line_1_65' title="bbox 1206 450 2221 506; baseline 0.012 -21"><span class='ocrx_word' id='word_1_524' title='bbox 1206 451 1360 500; x_wconf 80' lang='grc' dir='ltr'>ριοῦσθαι</span> <span class='ocrx_word' id='word_1_525' title='bbox 1374 450 1444 498; x_wconf 89' lang='grc' dir='ltr'>δεῖ,</span> <span class='ocrx_word' id='word_1_526' title='bbox 1459 451 1506 493; x_wconf 89' lang='grc' dir='ltr'>εἷς</span> <span class='ocrx_word' id='word_1_527' title='bbox 1520 451 1686 489; x_wconf 87' lang='grc' dir='ltr'>τάναντία</span> <span class='ocrx_word' id='word_1_528' title='bbox 1698 452 1868 506; x_wconf 80' lang='grc' dir='ltr'>ἑκατέρων</span> <span class='ocrx_word' id='word_1_529' title='bbox 1886 457 2221 505; x_wconf 76' lang='grc' dir='ltr'>μεταπεπτωκᾶτων·</span> 
     </span>
     <span class='ocr_line' id='line_1_66' title="bbox 1205 508 2222 568; baseline 0.012 -22"><span class='ocrx_word' id='word_1_530' title='bbox 1205 508 1263 547; x_wconf 85' lang='grc' dir='ltr'>καὶ</span> <span class='ocrx_word' id='word_1_531' title='bbox 1280 508 1347 562; x_wconf 78' lang='grc' dir='ltr'>γὰρ</span> <span class='ocrx_word' id='word_1_532' title='bbox 1366 517 1569 564; x_wconf 89' lang='grc' dir='ltr'>ναυκρατεῑν</span> <span class='ocrx_word' id='word_1_533' title='bbox 1589 511 1753 566; x_wconf 86' lang='grc' dir='ltr'>πρότερον</span> <span class='ocrx_word' id='word_1_534' title='bbox 1770 513 1848 557; x_wconf 79' lang='grc' dir='ltr'>τοὺς</span> <span class='ocrx_word' id='word_1_535' title='bbox 1865 517 2006 568; x_wconf 74' lang='grc' dir='ltr'>Κρῆτας</span> <span class='ocrx_word' id='word_1_536' title='bbox 2021 547 2032 564; x_wconf 94' lang='grc'>,</span> <span class='ocrx_word' id='word_1_537' title='bbox 2057 517 2147 556; x_wconf 81' lang='grc' dir='ltr'>ὥστε</span> <span class='ocrx_word' id='word_1_538' title='bbox 2163 519 2222 558; x_wconf 83' lang='grc' dir='ltr'>καὶ</span> 
     </span>
     <span class='ocr_line' id='line_1_67' title="bbox 1204 568 2223 626; baseline 0.012 -22"><span class='ocrx_word' id='word_1_539' title='bbox 1204 568 1496 619; x_wconf 88' lang='grc' dir='ltr'>παροιμιάζεσθαι</span> <span class='ocrx_word' id='word_1_540' title='bbox 1512 570 1598 623; x_wconf 84' lang='grc' dir='ltr'>πρὸς</span> <span class='ocrx_word' id='word_1_541' title='bbox 1625 570 1704 614; x_wconf 76' lang='grc' dir='ltr'>τοὺς</span> <span class='ocrx_word' id='word_1_542' title='bbox 1727 574 2042 625; x_wconf 87' lang='grc' dir='ltr'>προσποιουμένους</span> <span class='ocrx_word' id='word_1_543' title='bbox 2060 575 2108 626; x_wconf 82' lang='grc' dir='ltr'>μὴ</span> <span class='ocrx_word' id='word_1_544' title='bbox 2131 576 2223 616; x_wconf 78' lang='grc' dir='ltr'>εἶδέ-</span> 
     </span>
     <span class='ocr_line' id='line_1_68' title="bbox 1203 626 2222 681; baseline 0.011 -18"><span class='ocrx_word' id='word_1_545' title='bbox 1203 641 1279 673; x_wconf 92' lang='grc' dir='ltr'>ναι,</span> <span class='ocrx_word' id='word_1_546' title='bbox 1301 626 1323 664; x_wconf 86' lang='grc' dir='ltr'>ἃ</span> <span class='ocrx_word' id='word_1_547' title='bbox 1339 626 1471 665; x_wconf 86' lang='grc' dir='ltr'>ἴσασιν·</span> <span class='ocrx_word' id='word_1_548' title='bbox 1490 627 1535 667; x_wconf 73' lang='lat' dir='ltr'>‘O</span> <span class='ocrx_word' id='word_1_549' title='bbox 1555 628 1652 681; x_wconf 82' lang='grc' dir='ltr'>Κρὴς</span> <span class='ocrx_word' id='word_1_550' title='bbox 1668 632 1783 680; x_wconf 86' lang='grc' dir='ltr'>ἀγνοεῖ</span> <span class='ocrx_word' id='word_1_551' title='bbox 1807 631 1870 678; x_wconf 80' lang='grc' dir='ltr'>τὴν</span> <span class='ocrx_word' id='word_1_552' title='bbox 1897 632 2074 672; x_wconf 87' lang='grc' dir='ltr'>θάλασσαν</span> <span class='ocrx_word' id='word_1_553' title='bbox 2087 650 2095 658; x_wconf 93' lang='grc'><em>·</em></span> <span class='ocrx_word' id='word_1_554' title='bbox 2113 638 2172 673; x_wconf 75' lang='grc' dir='ltr'>νῦν</span> <span class='ocrx_word' id='word_1_555' title='bbox 2193 636 2222 674; x_wconf 86' lang='grc' dir='ltr'>δ’</span> 
     </span>
     <span class='ocr_line' id='line_1_69' title="bbox 1204 684 2224 738; baseline 0.006 -16"><span class='ocrx_word' id='word_1_556' title='bbox 1204 684 1483 733; x_wconf 72' lang='grc' dir='ltr'>ἀποὸεὸληκέναι</span> <span class='ocrx_word' id='word_1_557' title='bbox 1508 686 1547 725; x_wconf 82' lang='grc' dir='ltr'>τὸ</span> <span class='ocrx_word' id='word_1_558' title='bbox 1565 687 1744 726; x_wconf 88' lang='grc' dir='ltr'>ναυτικόν·</span> <span class='ocrx_word' id='word_1_559' title='bbox 1762 689 1858 738; x_wconf 87' lang='grc' dir='ltr'>οὔτε,</span> <span class='ocrx_word' id='word_1_560' title='bbox 1889 689 1942 728; x_wconf 78' lang='grc' dir='ltr'>ὅτι</span> <span class='ocrx_word' id='word_1_561' title='bbox 1965 690 2104 729; x_wconf 82' lang='grc' dir='ltr'>ἄποικοί</span> <span class='ocrx_word' id='word_1_562' title='bbox 2135 706 2224 734; x_wconf 88' lang='grc' dir='ltr'>τινες</span> 
     </span>
     <span class='ocr_line' id='line_1_70' title="bbox 1203 742 2222 802; baseline 0.007 -21"><span class='ocrx_word' id='word_1_563' title='bbox 1203 742 1364 794; x_wconf 88' lang='grc' dir='ltr'>γεγόνασι</span> <span class='ocrx_word' id='word_1_564' title='bbox 1379 747 1448 783; x_wconf 90' lang='grc' dir='ltr'>τῶν</span> <span class='ocrx_word' id='word_1_565' title='bbox 1477 744 1611 784; x_wconf 88' lang='grc' dir='ltr'>πόλεων</span> <span class='ocrx_word' id='word_1_566' title='bbox 1629 748 1698 784; x_wconf 91' lang='grc' dir='ltr'>τῶν</span> <span class='ocrx_word' id='word_1_567' title='bbox 1719 748 1753 785; x_wconf 82' lang='grc' dir='ltr'>ἐν</span> <span class='ocrx_word' id='word_1_568' title='bbox 1769 748 1891 801; x_wconf 68' lang='grc' dir='ltr'>Κρήτη</span> <span class='ocrx_word' id='word_1_569' title='bbox 1911 750 2156 802; x_wconf 84' lang='grc' dir='ltr'>Σπαρτιατῶν,</span> <span class='ocrx_word' id='word_1_570' title='bbox 2186 751 2222 788; x_wconf 80' lang='grc' dir='ltr'>ἐν</span> 
     </span>
     <span class='ocr_line' id='line_1_71' title="bbox 1203 802 2223 857; baseline 0.008 -18"><span class='ocrx_word' id='word_1_571' title='bbox 1203 807 1272 845; x_wconf 89' lang='grc' dir='ltr'>τοῖς</span> <span class='ocrx_word' id='word_1_572' title='bbox 1285 802 1423 841; x_wconf 78' lang='grc' dir='ltr'>ἐκείνων</span> <span class='ocrx_word' id='word_1_573' title='bbox 1441 803 1602 854; x_wconf 89' lang='grc' dir='ltr'>νομίμοις</span> <span class='ocrx_word' id='word_1_574' title='bbox 1614 803 1786 855; x_wconf 87' lang='grc' dir='ltr'>διαμένειν</span> <span class='ocrx_word' id='word_1_575' title='bbox 1799 807 2061 857; x_wconf 73' lang='grc' dir='ltr'>ἓπηναγκάσθαι</span> <span class='ocrx_word' id='word_1_576' title='bbox 2071 823 2078 831; x_wconf 95' lang='grc'>·</span> <span class='ocrx_word' id='word_1_577' title='bbox 2092 806 2223 852; x_wconf 73' lang='grc' dir='ltr'>πολλὰς</span> 
     </span>
     <span class='ocr_line' id='line_1_72' title="bbox 1202 861 2224 918; baseline 0.007 -20"><span class='ocrx_word' id='word_1_578' title='bbox 1202 863 1283 911; x_wconf 74' lang='grc' dir='ltr'>γοῦν</span> <span class='ocrx_word' id='word_1_579' title='bbox 1299 863 1369 899; x_wconf 88' lang='grc' dir='ltr'>τῶν</span> <span class='ocrx_word' id='word_1_580' title='bbox 1386 861 1575 900; x_wconf 84' lang='grc' dir='ltr'>ἀποικίδων</span> <span class='ocrx_word' id='word_1_581' title='bbox 1597 861 1646 914; x_wconf 84' lang='grc' dir='ltr'>μὴ</span> <span class='ocrx_word' id='word_1_582' title='bbox 1664 863 1847 916; x_wconf 86' lang='grc' dir='ltr'>φυλάττειν</span> <span class='ocrx_word' id='word_1_583' title='bbox 1865 863 1910 902; x_wconf 81' lang='grc' dir='ltr'>τὰ</span> <span class='ocrx_word' id='word_1_584' title='bbox 1929 865 2076 918; x_wconf 87' lang='grc' dir='ltr'>πάτρια·</span> <span class='ocrx_word' id='word_1_585' title='bbox 2093 866 2224 909; x_wconf 87' lang='grc' dir='ltr'>πολλὰς</span> 
     </span>
     <span class='ocr_line' id='line_1_73' title="bbox 1203 917 2223 977; baseline 0.007 -21"><span class='ocrx_word' id='word_1_586' title='bbox 1203 917 1239 956; x_wconf 82' lang='grc' dir='ltr'>δὲ</span> <span class='ocrx_word' id='word_1_587' title='bbox 1263 919 1322 957; x_wconf 82' lang='grc' dir='ltr'>καὶ</span> <span class='ocrx_word' id='word_1_588' title='bbox 1348 922 1417 957; x_wconf 87' lang='grc' dir='ltr'>τῶν</span> <span class='ocrx_word' id='word_1_589' title='bbox 1438 919 1487 971; x_wconf 79' lang='grc' dir='ltr'>μὴ</span> <span class='ocrx_word' id='word_1_590' title='bbox 1509 920 1698 959; x_wconf 87' lang='grc' dir='ltr'>ἀποικίδων</span> <span class='ocrx_word' id='word_1_591' title='bbox 1732 922 1766 959; x_wconf 81' lang='grc' dir='ltr'>ἐν</span> <span class='ocrx_word' id='word_1_592' title='bbox 1791 922 1914 975; x_wconf 84' lang='grc' dir='ltr'>Κρήτῃ</span> <span class='ocrx_word' id='word_1_593' title='bbox 1941 923 1984 961; x_wconf 85' lang='grc' dir='ltr'>τὰ</span> <span class='ocrx_word' id='word_1_594' title='bbox 2011 923 2100 962; x_wconf 79' lang='grc' dir='ltr'>αὐτὰ</span> <span class='ocrx_word' id='word_1_595' title='bbox 2131 924 2223 977; x_wconf 85' lang='grc' dir='ltr'>ἔχειν</span> 
     </span>
     <span class='ocr_line' id='line_1_74' title="bbox 1201 977 2222 1033; baseline 0.007 -19"><span class='ocrx_word' id='word_1_596' title='bbox 1201 982 1271 1020; x_wconf 90' lang='grc' dir='ltr'>τοῖς</span> <span class='ocrx_word' id='word_1_597' title='bbox 1287 977 1443 1021; x_wconf 88' lang='grc' dir='ltr'>ἀποίκοις</span> <span class='ocrx_word' id='word_1_598' title='bbox 1461 977 1534 1025; x_wconf 84' lang='grc' dir='ltr'>ἔθη.</span> <span class='ocrx_word' id='word_1_599' title='bbox 1549 981 1630 1018; x_wconf 89' lang='grc' dir='ltr'>Τῶν</span> <span class='ocrx_word' id='word_1_600' title='bbox 1646 994 1684 1016; x_wconf 83' lang='grc' dir='ltr'>τε</span> <span class='ocrx_word' id='word_1_601' title='bbox 1701 980 1933 1032; x_wconf 88' lang='grc' dir='ltr'>Σπαρτιατῶν</span> <span class='ocrx_word' id='word_1_602' title='bbox 1958 981 2016 1020; x_wconf 80' lang='grc' dir='ltr'>τὸν</span> <span class='ocrx_word' id='word_1_603' title='bbox 2034 983 2222 1033; x_wconf 83' lang='grc' dir='ltr'>νομοθέτην</span> 
     </span>
     <span class='ocr_line' id='line_1_75' title="bbox 1202 1034 2223 1092; baseline 0.006 -19"><span class='ocrx_word' id='word_1_604' title='bbox 1202 1038 1401 1089; x_wconf 79' lang='grc' dir='ltr'>Λυκοῦργον</span> <span class='ocrx_word' id='word_1_605' title='bbox 1418 1035 1521 1075; x_wconf 86' lang='grc' dir='ltr'>πέντε</span> <span class='ocrx_word' id='word_1_606' title='bbox 1533 1043 1665 1089; x_wconf 83' lang='grc' dir='ltr'>γενεαῖς</span> <span class='ocrx_word' id='word_1_607' title='bbox 1684 1037 1848 1092; x_wconf 84' lang='grc' dir='ltr'>νεώτερον</span> <span class='ocrx_word' id='word_1_608' title='bbox 1863 1038 2104 1091; x_wconf 85' lang='grc' dir='ltr'>Ἀλθαιμένους</span> <span class='ocrx_word' id='word_1_609' title='bbox 2122 1034 2223 1088; x_wconf 67' lang='grc' dir='ltr'>εἶναι,</span> 
     </span>
     <span class='ocr_line' id='line_1_76' title="bbox 1200 1094 2224 1152; baseline 0.005 -20"><span class='ocrx_word' id='word_1_610' title='bbox 1200 1099 1261 1132; x_wconf 79' lang='grc' dir='ltr'>τοῦ</span> <span class='ocrx_word' id='word_1_611' title='bbox 1280 1094 1478 1138; x_wconf 86' lang='grc' dir='ltr'>στείλαντος</span> <span class='ocrx_word' id='word_1_612' title='bbox 1493 1094 1556 1142; x_wconf 82' lang='grc' dir='ltr'>τὴν</span> <span class='ocrx_word' id='word_1_613' title='bbox 1578 1097 1624 1138; x_wconf 85' lang='grc' dir='ltr'>εἷς</span> <span class='ocrx_word' id='word_1_614' title='bbox 1642 1095 1785 1149; x_wconf 81' lang='grc' dir='ltr'>Κρήτην</span> <span class='ocrx_word' id='word_1_615' title='bbox 1806 1098 1985 1136; x_wconf 86' lang='grc' dir='ltr'>ἀποικίαν·</span> <span class='ocrx_word' id='word_1_616' title='bbox 2004 1098 2062 1136; x_wconf 82' lang='grc' dir='ltr'>τὸν</span> <span class='ocrx_word' id='word_1_617' title='bbox 2084 1099 2146 1149; x_wconf 82' lang='grc' dir='ltr'>μὲν</span> <span class='ocrx_word' id='word_1_618' title='bbox 2156 1099 2224 1152; x_wconf 82' lang='grc' dir='ltr'>γὰρ</span> 
     </span>
     <span class='ocr_line' id='line_1_77' title="bbox 1200 1151 2225 1207; baseline 0.007 -19"><span class='ocrx_word' id='word_1_619' title='bbox 1200 1151 1413 1206; x_wconf 83' lang='grc' dir='ltr'>ἱστορεῖσθαι</span> <span class='ocrx_word' id='word_1_620' title='bbox 1440 1152 1574 1191; x_wconf 90' lang='grc' dir='ltr'>Κίσσου</span> <span class='ocrx_word' id='word_1_621' title='bbox 1604 1154 1714 1191; x_wconf 83' lang='grc' dir='ltr'>παῖδα</span> <span class='ocrx_word' id='word_1_622' title='bbox 1737 1157 1797 1192; x_wconf 77' lang='grc' dir='ltr'>τοῦ</span> <span class='ocrx_word' id='word_1_623' title='bbox 1827 1155 1867 1193; x_wconf 86' lang='grc' dir='ltr'>τὸ</span> <span class='ocrx_word' id='word_1_624' title='bbox 1891 1155 2014 1207; x_wconf 89' lang='grc' dir='ltr'>Ἄργος</span> <span class='ocrx_word' id='word_1_625' title='bbox 2044 1156 2225 1200; x_wconf 82' lang='grc' dir='ltr'>κτίσαντος</span> 
     </span>
     <span class='ocr_line' id='line_1_78' title="bbox 1201 1211 2223 1269; baseline 0.006 -20"><span class='ocrx_word' id='word_1_626' title='bbox 1201 1211 1279 1265; x_wconf 80' lang='grc' dir='ltr'>περὶ</span> <span class='ocrx_word' id='word_1_627' title='bbox 1298 1212 1356 1250; x_wconf 83' lang='grc' dir='ltr'>τὸν</span> <span class='ocrx_word' id='word_1_628' title='bbox 1381 1211 1484 1250; x_wconf 77' lang='grc' dir='ltr'>αὐτὸν</span> <span class='ocrx_word' id='word_1_629' title='bbox 1507 1211 1644 1266; x_wconf 89' lang='grc' dir='ltr'>χρόνον,</span> <span class='ocrx_word' id='word_1_630' title='bbox 1664 1211 1768 1258; x_wconf 82' lang='grc' dir='ltr'>ἡνίκα</span> <span class='ocrx_word' id='word_1_631' title='bbox 1789 1215 1950 1266; x_wconf 74' lang='grc' dir='ltr'>Προκλῆς</span> <span class='ocrx_word' id='word_1_632' title='bbox 1971 1214 2034 1261; x_wconf 67' lang='grc' dir='ltr'>τὴν</span> <span class='ocrx_word' id='word_1_633' title='bbox 2054 1215 2223 1269; x_wconf 83' lang='grc' dir='ltr'>Σπάρτην</span> 
     </span>
     <span class='ocr_line' id='line_1_79' title="bbox 1202 1268 2222 1326; baseline 0.005 -18"><span class='ocrx_word' id='word_1_634' title='bbox 1202 1268 1385 1323; x_wconf 83' lang='grc' dir='ltr'>συνῴκιζε·</span> <span class='ocrx_word' id='word_1_635' title='bbox 1401 1273 1603 1324; x_wconf 83' lang='grc' dir='ltr'>Λυκοῦργον</span> <span class='ocrx_word' id='word_1_636' title='bbox 1630 1270 1660 1308; x_wconf 80' lang='grc' dir='ltr'>δ’</span> <span class='ocrx_word' id='word_1_637' title='bbox 1680 1271 1924 1321; x_wconf 82' lang='grc' dir='ltr'>ὁμολογεῖσθαι</span> <span class='ocrx_word' id='word_1_638' title='bbox 1956 1271 2053 1326; x_wconf 79' lang='grc' dir='ltr'>παρὰ</span> <span class='ocrx_word' id='word_1_639' title='bbox 2081 1274 2222 1313; x_wconf 85' lang='grc' dir='ltr'>πάντων</span> 
     </span>
     <span class='ocr_line' id='line_1_80' title="bbox 1201 1327 2224 1383; baseline 0.005 -17"><span class='ocrx_word' id='word_1_640' title='bbox 1201 1329 1298 1367; x_wconf 80' lang='grc' dir='ltr'>ἕκτον</span> <span class='ocrx_word' id='word_1_641' title='bbox 1320 1328 1390 1366; x_wconf 83' lang='grc' dir='ltr'>ἀπὸ</span> <span class='ocrx_word' id='word_1_642' title='bbox 1409 1327 1607 1381; x_wconf 82' lang='grc' dir='ltr'>Προκλέους</span> <span class='ocrx_word' id='word_1_643' title='bbox 1631 1327 1810 1379; x_wconf 87' lang='grc' dir='ltr'>γεγονέναι</span> <span class='ocrx_word' id='word_1_644' title='bbox 1828 1330 1879 1379; x_wconf 83' lang='lat' dir='ltr'>c)·</span> <span class='ocrx_word' id='word_1_645' title='bbox 1908 1329 1952 1367; x_wconf 81' lang='grc' dir='ltr'>τὰ</span> <span class='ocrx_word' id='word_1_646' title='bbox 1977 1329 2014 1368; x_wconf 86' lang='grc' dir='ltr'>δὲ</span> <span class='ocrx_word' id='word_1_647' title='bbox 2033 1331 2224 1383; x_wconf 87' lang='grc' dir='ltr'>μιμήματα</span> 
     </span>
     <span class='ocr_line' id='line_1_81' title="bbox 1201 1381 2224 1440; baseline 0.004 -16"><span class='ocrx_word' id='word_1_648' title='bbox 1201 1386 1249 1437; x_wconf 82' lang='grc' dir='ltr'>μὴ</span> <span class='ocrx_word' id='word_1_649' title='bbox 1268 1381 1357 1425; x_wconf 71' lang='grc' dir='ltr'>εἶναι</span> <span class='ocrx_word' id='word_1_650' title='bbox 1377 1387 1529 1440; x_wconf 89' lang='grc' dir='ltr'>πρότερα</span> <span class='ocrx_word' id='word_1_651' title='bbox 1548 1389 1616 1424; x_wconf 85' lang='grc' dir='ltr'>τῶν</span> <span class='ocrx_word' id='word_1_652' title='bbox 1637 1386 1944 1439; x_wconf 86' lang='grc' dir='ltr'>παραδειγμάτων,</span> <span class='ocrx_word' id='word_1_653' title='bbox 1965 1388 2055 1439; x_wconf 82' lang='grc' dir='ltr'>μηδὲ</span> <span class='ocrx_word' id='word_1_654' title='bbox 2069 1388 2114 1428; x_wconf 82' lang='grc' dir='ltr'>τὰ</span> <span class='ocrx_word' id='word_1_655' title='bbox 2135 1390 2224 1428; x_wconf 85' lang='grc' dir='ltr'>νεώ-</span> 
     </span>
     <span class='ocr_line' id='line_1_82' title="bbox 1199 1443 2224 1502; baseline 0.004 -18"><span class='ocrx_word' id='word_1_656' title='bbox 1199 1462 1282 1499; x_wconf 87' lang='grc' dir='ltr'>τερα</span> <span class='ocrx_word' id='word_1_657' title='bbox 1309 1449 1378 1484; x_wconf 84' lang='grc' dir='ltr'>τῶν</span> <span class='ocrx_word' id='word_1_658' title='bbox 1406 1444 1673 1499; x_wconf 76' lang='grc' dir='ltr'>πρεσὸυτέρων·</span> <span class='ocrx_word' id='word_1_659' title='bbox 1702 1443 1766 1491; x_wconf 84' lang='grc' dir='ltr'>τήν</span> <span class='ocrx_word' id='word_1_660' title='bbox 1797 1461 1835 1483; x_wconf 88' lang='grc' dir='ltr'>τε</span> <span class='ocrx_word' id='word_1_661' title='bbox 1864 1446 2010 1500; x_wconf 86' lang='grc' dir='ltr'>ὄρχησιν</span> <span class='ocrx_word' id='word_1_662' title='bbox 2036 1446 2100 1495; x_wconf 84' lang='grc' dir='ltr'>τὴν</span> <span class='ocrx_word' id='word_1_663' title='bbox 2127 1449 2224 1502; x_wconf 83' lang='grc' dir='ltr'>παρὰ</span> 
     </span>
     <span class='ocr_line' id='line_1_83' title="bbox 1198 1503 2224 1560; baseline 0.002 -16"><span class='ocrx_word' id='word_1_664' title='bbox 1198 1511 1268 1549; x_wconf 90' lang='grc' dir='ltr'>τοῖς</span> <span class='ocrx_word' id='word_1_665' title='bbox 1281 1504 1567 1556; x_wconf 88' lang='grc' dir='ltr'>Λακεδαιμονίοις</span> <span class='ocrx_word' id='word_1_666' title='bbox 1581 1503 1894 1556; x_wconf 81' lang='grc' dir='ltr'>ἐπιχωριάζουσαν,</span> <span class='ocrx_word' id='word_1_667' title='bbox 1908 1505 1967 1544; x_wconf 76' lang='grc' dir='ltr'>καὶ</span> <span class='ocrx_word' id='word_1_668' title='bbox 1985 1505 2064 1549; x_wconf 74' lang='grc' dir='ltr'>τοὺς</span> <span class='ocrx_word' id='word_1_669' title='bbox 2077 1506 2224 1560; x_wconf 79' lang='grc' dir='ltr'>ῥυθμοὺς</span> 
     </span>
     <span class='ocr_line' id='line_1_84' title="bbox 1198 1560 2223 1616; baseline 0.003 -14"><span class='ocrx_word' id='word_1_670' title='bbox 1198 1565 1256 1603; x_wconf 82' lang='grc' dir='ltr'>καὶ</span> <span class='ocrx_word' id='word_1_671' title='bbox 1276 1570 1426 1608; x_wconf 84' lang='grc' dir='ltr'>παιᾶνας</span> <span class='ocrx_word' id='word_1_672' title='bbox 1451 1562 1531 1607; x_wconf 80' lang='grc' dir='ltr'>τοὺς</span> <span class='ocrx_word' id='word_1_673' title='bbox 1555 1561 1646 1601; x_wconf 78' lang='grc' dir='ltr'>κατὰ</span> <span class='ocrx_word' id='word_1_674' title='bbox 1674 1560 1780 1613; x_wconf 86' lang='grc' dir='ltr'>νόμον</span> <span class='ocrx_word' id='word_1_675' title='bbox 1812 1562 2018 1616; x_wconf 78' lang='grc' dir='ltr'>ᾀδομένους,</span> <span class='ocrx_word' id='word_1_676' title='bbox 2049 1566 2108 1604; x_wconf 89' lang='grc' dir='ltr'>καὶ</span> <span class='ocrx_word' id='word_1_677' title='bbox 2133 1565 2223 1605; x_wconf 82' lang='grc' dir='ltr'>ἄλλα</span> 
     </span>
     <span class='ocr_line' id='line_1_85' title="bbox 1197 1619 2222 1677; baseline 0.001 -15"><span class='ocrx_word' id='word_1_678' title='bbox 1197 1624 1312 1662; x_wconf 87' lang='grc' dir='ltr'>πολλὰ</span> <span class='ocrx_word' id='word_1_679' title='bbox 1330 1626 1399 1661; x_wconf 89' lang='grc' dir='ltr'>τῶν</span> <span class='ocrx_word' id='word_1_680' title='bbox 1416 1622 1588 1674; x_wconf 82' lang='grc' dir='ltr'>νομίμων,</span> <span class='ocrx_word' id='word_1_681' title='bbox 1606 1619 1769 1675; x_wconf 84' lang='grc' dir='ltr'>Κρητικὰ</span> <span class='ocrx_word' id='word_1_682' title='bbox 1792 1623 1973 1661; x_wconf 88' lang='grc' dir='ltr'>καλεῖσθαι</span> <span class='ocrx_word' id='word_1_683' title='bbox 1991 1623 2074 1677; x_wconf 85' lang='grc' dir='ltr'>παρ’</span> <span class='ocrx_word' id='word_1_684' title='bbox 2094 1625 2222 1674; x_wconf 73' lang='grc' dir='ltr'>αὑτοῖς,</span> 
     </span>
     <span class='ocr_line' id='line_1_86' title="bbox 1197 1680 2221 1738; baseline 0.003 -18"><span class='ocrx_word' id='word_1_685' title='bbox 1197 1685 1243 1726; x_wconf 85' lang='grc' dir='ltr'>ὡς</span> <span class='ocrx_word' id='word_1_686' title='bbox 1275 1681 1316 1720; x_wconf 79' lang='grc' dir='ltr'>ἂν</span> <span class='ocrx_word' id='word_1_687' title='bbox 1349 1684 1476 1720; x_wconf 78' lang='grc' dir='ltr'>ἐκεῖθεν</span> <span class='ocrx_word' id='word_1_688' title='bbox 1498 1680 1706 1735; x_wconf 85' lang='grc' dir='ltr'>ὁρμώμενα·</span> <span class='ocrx_word' id='word_1_689' title='bbox 1733 1681 1802 1718; x_wconf 82' lang='grc' dir='ltr'>τῶν</span> <span class='ocrx_word' id='word_1_690' title='bbox 1839 1681 1868 1718; x_wconf 80' lang='grc' dir='ltr'>δ’</span> <span class='ocrx_word' id='word_1_691' title='bbox 1901 1681 2056 1735; x_wconf 86' lang='grc' dir='ltr'>ἀρχαίων</span> <span class='ocrx_word' id='word_1_692' title='bbox 2087 1684 2221 1738; x_wconf 81' lang='grc' dir='ltr'>(ἀρχῶν</span> 
     </span>
     <span class='ocr_line' id='line_1_87' title="bbox 1198 1739 2222 1793; baseline 0 -13"><span class='ocrx_word' id='word_1_693' title='bbox 1198 1742 1357 1793; x_wconf 83' lang='lat' dir='ltr'>Meurs.)</span> <span class='ocrx_word' id='word_1_694' title='bbox 1373 1739 1418 1779; x_wconf 84' lang='grc' dir='ltr'>τὰ</span> <span class='ocrx_word' id='word_1_695' title='bbox 1432 1739 1495 1792; x_wconf 77' lang='grc' dir='ltr'>μὲν</span> <span class='ocrx_word' id='word_1_696' title='bbox 1514 1739 1605 1778; x_wconf 83' lang='grc' dir='ltr'>κατὰ</span> <span class='ocrx_word' id='word_1_697' title='bbox 1623 1739 1684 1784; x_wconf 81' lang='grc' dir='ltr'>τὰς</span> <span class='ocrx_word' id='word_1_698' title='bbox 1704 1740 1890 1787; x_wconf 85' lang='grc' dir='ltr'>διοικήσεις</span> <span class='ocrx_word' id='word_1_699' title='bbox 1918 1740 2010 1792; x_wconf 84' lang='grc' dir='ltr'>ἔχειν</span> <span class='ocrx_word' id='word_1_700' title='bbox 2032 1740 2094 1786; x_wconf 79' lang='grc' dir='ltr'>τὰς</span> <span class='ocrx_word' id='word_1_701' title='bbox 2116 1742 2222 1787; x_wconf 76' lang='grc' dir='ltr'>αὐτὰς</span> 
     </span>
     <span class='ocr_line' id='line_1_88' title="bbox 1197 1798 2219 1854; baseline 0.002 -16"><span class='ocrx_word' id='word_1_702' title='bbox 1197 1800 1414 1851; x_wconf 78' lang='grc' dir='ltr'>ἐπωνυμίας,</span> <span class='ocrx_word' id='word_1_703' title='bbox 1432 1798 1550 1853; x_wconf 82' lang='grc' dir='ltr'>ὥσπερ</span> <span class='ocrx_word' id='word_1_704' title='bbox 1568 1799 1626 1837; x_wconf 73' lang='grc' dir='ltr'>καὶ</span> <span class='ocrx_word' id='word_1_705' title='bbox 1642 1799 1705 1846; x_wconf 83' lang='grc' dir='ltr'>τὴν</span> <span class='ocrx_word' id='word_1_706' title='bbox 1729 1802 1798 1838; x_wconf 90' lang='grc' dir='ltr'>τῶν</span> <span class='ocrx_word' id='word_1_707' title='bbox 1814 1798 1983 1853; x_wconf 89' lang='grc' dir='ltr'>γερόντων</span> <span class='ocrx_word' id='word_1_708' title='bbox 2018 1800 2130 1854; x_wconf 80' lang='grc' dir='ltr'>ἀρχὴν</span> <span class='ocrx_word' id='word_1_709' title='bbox 2159 1801 2219 1840; x_wconf 78' lang='grc' dir='ltr'>καὶ</span> 
     </span>
     <span class='ocr_line' id='line_1_89' title="bbox 1196 1856 2219 1911; baseline 0.001 -13"><span class='ocrx_word' id='word_1_710' title='bbox 1196 1858 1260 1906; x_wconf 88' lang='grc' dir='ltr'>τὴν</span> <span class='ocrx_word' id='word_1_711' title='bbox 1282 1861 1349 1898; x_wconf 88' lang='grc' dir='ltr'>τῶν</span> <span class='ocrx_word' id='word_1_712' title='bbox 1365 1857 1519 1896; x_wconf 79' lang='grc' dir='ltr'>ἱππέων·</span> <span class='ocrx_word' id='word_1_713' title='bbox 1537 1856 1628 1905; x_wconf 84' lang='grc' dir='ltr'>πλὴν</span> <span class='ocrx_word' id='word_1_714' title='bbox 1650 1857 1702 1896; x_wconf 75' lang='grc' dir='ltr'>ὅτι</span> <span class='ocrx_word' id='word_1_715' title='bbox 1723 1856 1802 1900; x_wconf 80' lang='grc' dir='ltr'>τοὺς</span> <span class='ocrx_word' id='word_1_716' title='bbox 1821 1859 1855 1895; x_wconf 83' lang='grc' dir='ltr'>ἐν</span> <span class='ocrx_word' id='word_1_717' title='bbox 1874 1857 1996 1911; x_wconf 89' lang='grc' dir='ltr'>Κρήτῃ</span> <span class='ocrx_word' id='word_1_718' title='bbox 2013 1858 2141 1903; x_wconf 83' lang='grc' dir='ltr'>ἱππέας</span> <span class='ocrx_word' id='word_1_719' title='bbox 2158 1860 2219 1899; x_wconf 82' lang='grc' dir='ltr'>καὶ</span> 
     </span>
     <span class='ocr_line' id='line_1_90' title="bbox 1196 1911 2218 1972; baseline 0.003 -18"><span class='ocrx_word' id='word_1_720' title='bbox 1196 1916 1323 1961; x_wconf 80' lang='grc' dir='ltr'>ἵππους</span> <span class='ocrx_word' id='word_1_721' title='bbox 1346 1919 1536 1963; x_wconf 76' lang='grc' dir='ltr'>κεκτῆσθαι</span> <span class='ocrx_word' id='word_1_722' title='bbox 1564 1916 1804 1968; x_wconf 69' lang='grc' dir='ltr'>συμὸέὸηκεν·</span> <span class='ocrx_word' id='word_1_723' title='bbox 1827 1915 1860 1962; x_wconf 80' lang='grc' dir='ltr'>ἐξ</span> <span class='ocrx_word' id='word_1_724' title='bbox 1889 1911 1928 1955; x_wconf 69' lang='grc' dir='ltr'>οῧ</span> <span class='ocrx_word' id='word_1_725' title='bbox 1951 1917 2218 1972; x_wconf 85' lang='grc' dir='ltr'>τεκμαίρονται,</span> 
     </span>
     <span class='ocr_line' id='line_1_91' title="bbox 1196 1970 2217 2032; baseline 0 -16"><span class='ocrx_word' id='word_1_726' title='bbox 1196 1976 1434 2031; x_wconf 73' lang='grc' dir='ltr'>πρεσὸυτέραν</span> <span class='ocrx_word' id='word_1_727' title='bbox 1455 1970 1543 2015; x_wconf 66' lang='grc' dir='ltr'>εἶναι</span> <span class='ocrx_word' id='word_1_728' title='bbox 1561 1979 1631 2015; x_wconf 92' lang='grc' dir='ltr'>τῶν</span> <span class='ocrx_word' id='word_1_729' title='bbox 1649 1979 1684 2015; x_wconf 82' lang='grc' dir='ltr'>ἓν</span> <span class='ocrx_word' id='word_1_730' title='bbox 1706 1976 1830 2031; x_wconf 85' lang='grc' dir='ltr'>Κρήτῃ</span> <span class='ocrx_word' id='word_1_731' title='bbox 1850 1976 1986 2016; x_wconf 81' lang='grc' dir='ltr'>ἱππέων</span> <span class='ocrx_word' id='word_1_732' title='bbox 2005 1979 2067 2025; x_wconf 79' lang='grc' dir='ltr'>τὴν</span> <span class='ocrx_word' id='word_1_733' title='bbox 2086 1978 2217 2032; x_wconf 81' lang='grc' dir='ltr'>ἀρχήν·</span> 
     </span>
    </p>
   </div>
   <div class='ocr_carea' id='block_1_7' title="bbox 1189 2109 2217 3184">
    <p class='ocr_par' dir='ltr' id='par_1_7' title="bbox 1189 2109 2217 3184">
     <span class='ocr_line' id='line_1_92' title="bbox 1193 2109 2217 2152; baseline 0 -8"><span class='ocrx_word' id='word_1_734' title='bbox 1193 2121 1265 2144; x_wconf 91' lang='lat' dir='ltr'>rum</span> <span class='ocrx_word' id='word_1_735' title='bbox 1294 2110 1476 2152; x_wconf 84' lang='lat' dir='ltr'>respublica</span> <span class='ocrx_word' id='word_1_736' title='bbox 1493 2112 1525 2142; x_wconf 86' lang='lat' dir='ltr'>et</span> <span class='ocrx_word' id='word_1_737' title='bbox 1540 2111 1645 2142; x_wconf 85' lang='lat' dir='ltr'>status</span> <span class='ocrx_word' id='word_1_738' title='bbox 1661 2110 1746 2142; x_wconf 87' lang='lat' dir='ltr'>esset</span> <span class='ocrx_word' id='word_1_739' title='bbox 1762 2109 1886 2149; x_wconf 89' lang='lat' dir='ltr'>melior,</span> <span class='ocrx_word' id='word_1_740' title='bbox 1907 2109 2101 2143; x_wconf 84' lang='lat' dir='ltr'>deteriorum</span> <span class='ocrx_word' id='word_1_741' title='bbox 2117 2119 2217 2144; x_wconf 86' lang='lat' dir='ltr'>aemu-</span> 
     </span>
     <span class='ocr_line' id='line_1_93' title="bbox 1192 2156 2214 2199; baseline 0.001 -9"><span class='ocrx_word' id='word_1_742' title='bbox 1192 2158 1298 2190; x_wconf 91' lang='lat' dir='ltr'>lentur</span> <span class='ocrx_word' id='word_1_743' title='bbox 1311 2158 1459 2190; x_wconf 82' lang='lat' dir='ltr'>formam.</span> <span class='ocrx_word' id='word_1_744' title='bbox 1472 2159 1553 2195; x_wconf 80' lang='lat' dir='ltr'>Quae</span> <span class='ocrx_word' id='word_1_745' title='bbox 1566 2157 1697 2197; x_wconf 90' lang='lat' dir='ltr'>quidem</span> <span class='ocrx_word' id='word_1_746' title='bbox 1714 2165 1780 2188; x_wconf 90' lang='lat' dir='ltr'>non</span> <span class='ocrx_word' id='word_1_747' title='bbox 1794 2158 1879 2188; x_wconf 86' lang='lat' dir='ltr'>rec-te</span> <span class='ocrx_word' id='word_1_748' title='bbox 1893 2156 2089 2189; x_wconf 86' lang='lat' dir='ltr'>dicerentur.</span> <span class='ocrx_word' id='word_1_749' title='bbox 2102 2159 2214 2199; x_wconf 83' lang='lat' dir='ltr'>Neque</span> 
     </span>
     <span class='ocr_line' id='line_1_94' title="bbox 1193 2203 2214 2246; baseline 0.001 -9"><span class='ocrx_word' id='word_1_750' title='bbox 1193 2205 1278 2237; x_wconf 90' lang='lat' dir='ltr'>enim</span> <span class='ocrx_word' id='word_1_751' title='bbox 1293 2204 1453 2246; x_wconf 86' lang='lat' dir='ltr'>judicium</span> <span class='ocrx_word' id='word_1_752' title='bbox 1477 2204 1516 2236; x_wconf 87' lang='lat' dir='ltr'>de</span> <span class='ocrx_word' id='word_1_753' title='bbox 1530 2204 1671 2244; x_wconf 87' lang='lat' dir='ltr'>antiquis</span> <span class='ocrx_word' id='word_1_754' title='bbox 1693 2211 1733 2235; x_wconf 91' lang='lat' dir='ltr'>ex</span> <span class='ocrx_word' id='word_1_755' title='bbox 1755 2203 1904 2243; x_wconf 82' lang='lat' dir='ltr'>praesenti</span> <span class='ocrx_word' id='word_1_756' title='bbox 1928 2205 2015 2235; x_wconf 89' lang='lat' dir='ltr'>statu</span> <span class='ocrx_word' id='word_1_757' title='bbox 2030 2204 2214 2238; x_wconf 85' lang='lat' dir='ltr'>faciendum</span> 
     </span>
     <span class='ocr_line' id='line_1_95' title="bbox 1191 2249 2215 2292; baseline 0.001 -9"><span class='ocrx_word' id='word_1_758' title='bbox 1191 2254 1252 2291; x_wconf 89' lang='lat' dir='ltr'>est,</span> <span class='ocrx_word' id='word_1_759' title='bbox 1270 2251 1386 2292; x_wconf 91' lang='lat' dir='ltr'>inquit,</span> <span class='ocrx_word' id='word_1_760' title='bbox 1401 2251 1553 2292; x_wconf 89' lang='lat' dir='ltr'>utrinque</span> <span class='ocrx_word' id='word_1_761' title='bbox 1568 2252 1601 2283; x_wconf 89' lang='lat' dir='ltr'>in</span> <span class='ocrx_word' id='word_1_762' title='bbox 1615 2250 1810 2282; x_wconf 90' lang='lat' dir='ltr'>contrarium</span> <span class='ocrx_word' id='word_1_763' title='bbox 1823 2249 1907 2281; x_wconf 84' lang='lat' dir='ltr'>sacta</span> <span class='ocrx_word' id='word_1_764' title='bbox 1921 2249 2099 2282; x_wconf 85' lang='lat' dir='ltr'>mutatione</span> <span class='ocrx_word' id='word_1_765' title='bbox 2114 2259 2123 2281; x_wconf 94' lang='lat'><strong>:</strong></span> <span class='ocrx_word' id='word_1_766' title='bbox 2139 2259 2215 2284; x_wconf 85' lang='lat' dir='ltr'>nam</span> 
     </span>
     <span class='ocr_line' id='line_1_96' title="bbox 1192 2296 2216 2339; baseline 0 -9"><span class='ocrx_word' id='word_1_767' title='bbox 1192 2299 1269 2331; x_wconf 87' lang='lat' dir='ltr'>olim</span> <span class='ocrx_word' id='word_1_768' title='bbox 1286 2301 1456 2331; x_wconf 87' lang='lat' dir='ltr'>Cretenses</span> <span class='ocrx_word' id='word_1_769' title='bbox 1478 2298 1576 2330; x_wconf 89' lang='lat' dir='ltr'>maris</span> <span class='ocrx_word' id='word_1_770' title='bbox 1592 2299 1765 2330; x_wconf 89' lang='lat' dir='ltr'>tenuerunt</span> <span class='ocrx_word' id='word_1_771' title='bbox 1786 2297 1976 2338; x_wconf 87' lang='lat' dir='ltr'>imperium,</span> <span class='ocrx_word' id='word_1_772' title='bbox 1997 2296 2075 2328; x_wconf 90' lang='lat' dir='ltr'>adeo</span> <span class='ocrx_word' id='word_1_773' title='bbox 2095 2299 2130 2328; x_wconf 93' lang='lat' dir='ltr'>ut</span> <span class='ocrx_word' id='word_1_774' title='bbox 2145 2307 2216 2339; x_wconf 90' lang='lat' dir='ltr'>pro-</span> 
     </span>
     <span class='ocr_line' id='line_1_97' title="bbox 1191 2343 2214 2386; baseline -0.001 -9"><span class='ocrx_word' id='word_1_775' title='bbox 1191 2346 1339 2378; x_wconf 80' lang='lat' dir='ltr'>verbium</span> <span class='ocrx_word' id='word_1_776' title='bbox 1348 2346 1380 2377; x_wconf 92' lang='lat' dir='ltr'>in</span> <span class='ocrx_word' id='word_1_777' title='bbox 1389 2354 1445 2378; x_wconf 90' lang='lat' dir='ltr'>eos</span> <span class='ocrx_word' id='word_1_778' title='bbox 1457 2347 1649 2386; x_wconf 84' lang='lat' dir='ltr'>usurpatum</span> <span class='ocrx_word' id='word_1_779' title='bbox 1657 2345 1763 2383; x_wconf 81' lang='lat' dir='ltr'>suerit,</span> <span class='ocrx_word' id='word_1_780' title='bbox 1776 2344 1832 2385; x_wconf 91' lang='lat' dir='ltr'>qui</span> <span class='ocrx_word' id='word_1_781' title='bbox 1843 2343 2090 2376; x_wconf 86' lang='lat' dir='ltr'>dissimulabant</span> <span class='ocrx_word' id='word_1_782' title='bbox 2102 2352 2214 2376; x_wconf 87' lang='lat' dir='ltr'>eorum</span> 
     </span>
     <span class='ocr_line' id='line_1_98' title="bbox 1190 2392 2215 2433; baseline -0.001 -8"><span class='ocrx_word' id='word_1_783' title='bbox 1190 2402 1264 2433; x_wconf 87' lang='lat' dir='ltr'>quae</span> <span class='ocrx_word' id='word_1_784' title='bbox 1285 2393 1428 2425; x_wconf 89' lang='lat' dir='ltr'>sciebant</span> <span class='ocrx_word' id='word_1_785' title='bbox 1451 2392 1618 2431; x_wconf 88' lang='lat' dir='ltr'>notitiam,</span> <span class='ocrx_word' id='word_1_786' title='bbox 1637 2393 1803 2424; x_wconf 76' lang='lat' dir='ltr'>Cretensis</span> <span class='ocrx_word' id='word_1_787' title='bbox 1827 2399 1924 2423; x_wconf 74' lang='lat' dir='ltr'>mre</span> <span class='ocrx_word' id='word_1_788' title='bbox 1947 2392 2110 2431; x_wconf 78' lang='lat' dir='ltr'>iqnorat:</span> <span class='ocrx_word' id='word_1_789' title='bbox 2130 2399 2215 2424; x_wconf 88' lang='lat' dir='ltr'>nunc</span> 
     </span>
     <span class='ocr_line' id='line_1_99' title="bbox 1190 2437 2215 2480; baseline 0 -9"><span class='ocrx_word' id='word_1_790' title='bbox 1190 2449 1267 2472; x_wconf 83' lang='lat' dir='ltr'>vero</span> <span class='ocrx_word' id='word_1_791' title='bbox 1282 2441 1459 2472; x_wconf 88' lang='lat' dir='ltr'>amiserunt</span> <span class='ocrx_word' id='word_1_792' title='bbox 1473 2438 1648 2480; x_wconf 82' lang='lat' dir='ltr'>potentiam</span> <span class='ocrx_word' id='word_1_793' title='bbox 1664 2438 1872 2470; x_wconf 88' lang='lat' dir='ltr'>maritimam.</span> <span class='ocrx_word' id='word_1_794' title='bbox 1890 2439 2009 2479; x_wconf 84' lang='lat' dir='ltr'>Neque,</span> <span class='ocrx_word' id='word_1_795' title='bbox 2025 2437 2102 2478; x_wconf 87' lang='lat' dir='ltr'>quia</span> <span class='ocrx_word' id='word_1_796' title='bbox 2119 2437 2215 2471; x_wconf 78' lang='lat' dir='ltr'>urbes</span> 
     </span>
     <span class='ocr_line' id='line_1_100' title="bbox 1190 2484 2211 2526; baseline -0.001 -9"><span class='ocrx_word' id='word_1_797' title='bbox 1190 2487 1341 2526; x_wconf 77' lang='lat' dir='ltr'>quaedam</span> <span class='ocrx_word' id='word_1_798' title='bbox 1355 2487 1387 2518; x_wconf 91' lang='lat' dir='ltr'>in</span> <span class='ocrx_word' id='word_1_799' title='bbox 1403 2489 1498 2519; x_wconf 87' lang='lat' dir='ltr'>Creta</span> <span class='ocrx_word' id='word_1_800' title='bbox 1513 2485 1646 2518; x_wconf 85' lang='lat' dir='ltr'>coloniae</span> <span class='ocrx_word' id='word_1_801' title='bbox 1659 2487 1737 2517; x_wconf 90' lang='lat' dir='ltr'>sunt</span> <span class='ocrx_word' id='word_1_802' title='bbox 1753 2487 1995 2526; x_wconf 87' lang='lat' dir='ltr'>Spartanorum,</span> <span class='ocrx_word' id='word_1_803' title='bbox 2011 2484 2083 2516; x_wconf 88' lang='lat' dir='ltr'>ideo</span> <span class='ocrx_word' id='word_1_804' title='bbox 2096 2485 2211 2517; x_wconf 87' lang='lat' dir='ltr'>horum</span> 
     </span>
     <span class='ocr_line' id='line_1_101' title="bbox 1191 2531 2212 2574; baseline -0.002 -9"><span class='ocrx_word' id='word_1_805' title='bbox 1191 2543 1320 2574; x_wconf 90' lang='lat' dir='ltr'>quoque</span> <span class='ocrx_word' id='word_1_806' title='bbox 1334 2534 1482 2565; x_wconf 89' lang='lat' dir='ltr'>instituta</span> <span class='ocrx_word' id='word_1_807' title='bbox 1505 2535 1611 2564; x_wconf 87' lang='lat' dir='ltr'>tenere</span> <span class='ocrx_word' id='word_1_808' title='bbox 1634 2533 1756 2564; x_wconf 85' lang='lat' dir='ltr'>coactae</span> <span class='ocrx_word' id='word_1_809' title='bbox 1775 2533 1853 2563; x_wconf 86' lang='lat' dir='ltr'>sunt</span> <span class='ocrx_word' id='word_1_810' title='bbox 1873 2541 1881 2562; x_wconf 90' lang='lat'>:</span> <span class='ocrx_word' id='word_1_811' title='bbox 1904 2540 2004 2571; x_wconf 91' lang='lat' dir='ltr'>quum</span> <span class='ocrx_word' id='word_1_812' title='bbox 2029 2531 2062 2563; x_wconf 87' lang='lat' dir='ltr'>et</span> <span class='ocrx_word' id='word_1_813' title='bbox 2077 2531 2212 2563; x_wconf 83' lang='lat' dir='ltr'>coloniae</span> 
     </span>
     <span class='ocr_line' id='line_1_102' title="bbox 1190 2577 2214 2621; baseline -0.002 -9"><span class='ocrx_word' id='word_1_814' title='bbox 1190 2581 1302 2612; x_wconf 82' lang='lat' dir='ltr'>multae</span> <span class='ocrx_word' id='word_1_815' title='bbox 1323 2580 1444 2621; x_wconf 84' lang='lat' dir='ltr'>patrios</span> <span class='ocrx_word' id='word_1_816' title='bbox 1466 2589 1533 2611; x_wconf 91' lang='lat' dir='ltr'>non</span> <span class='ocrx_word' id='word_1_817' title='bbox 1548 2580 1726 2619; x_wconf 88' lang='lat' dir='ltr'>sequantur</span> <span class='ocrx_word' id='word_1_818' title='bbox 1745 2587 1868 2618; x_wconf 87' lang='lat' dir='ltr'>mores,</span> <span class='ocrx_word' id='word_1_819' title='bbox 1892 2579 1924 2609; x_wconf 92' lang='lat' dir='ltr'>et</span> <span class='ocrx_word' id='word_1_820' title='bbox 1941 2577 1974 2609; x_wconf 93' lang='lat' dir='ltr'>in</span> <span class='ocrx_word' id='word_1_821' title='bbox 1989 2579 2085 2610; x_wconf 84' lang='lat' dir='ltr'>Creta</span> <span class='ocrx_word' id='word_1_822' title='bbox 2103 2577 2214 2610; x_wconf 81' lang='lat' dir='ltr'>multae</span> 
     </span>
     <span class='ocr_line' id='line_1_103' title="bbox 1190 2624 2211 2668; baseline -0.003 -9"><span class='ocrx_word' id='word_1_823' title='bbox 1190 2627 1286 2659; x_wconf 87' lang='lat' dir='ltr'>urbes</span> <span class='ocrx_word' id='word_1_824' title='bbox 1297 2650 1306 2666; x_wconf 91' lang='lat'>‚</span> <span class='ocrx_word' id='word_1_825' title='bbox 1320 2636 1338 2658; x_wconf 87' lang='lat' dir='ltr'>a</span> <span class='ocrx_word' id='word_1_826' title='bbox 1353 2627 1516 2668; x_wconf 88' lang='lat' dir='ltr'>Spartanis</span> <span class='ocrx_word' id='word_1_827' title='bbox 1538 2635 1601 2657; x_wconf 90' lang='lat' dir='ltr'>non</span> <span class='ocrx_word' id='word_1_828' title='bbox 1617 2628 1712 2660; x_wconf 86' lang='lat' dir='ltr'>ortae,</span> <span class='ocrx_word' id='word_1_829' title='bbox 1729 2626 1838 2657; x_wconf 86' lang='lat' dir='ltr'>tamen</span> <span class='ocrx_word' id='word_1_830' title='bbox 1858 2624 1921 2656; x_wconf 89' lang='lat' dir='ltr'>illis</span> <span class='ocrx_word' id='word_1_831' title='bbox 1942 2626 2029 2656; x_wconf 86' lang='lat' dir='ltr'>stent</span> <span class='ocrx_word' id='word_1_832' title='bbox 2043 2624 2211 2656; x_wconf 85' lang='lat' dir='ltr'>institutis.</span> 
     </span>
     <span class='ocr_line' id='line_1_104' title="bbox 1191 2672 2211 2716; baseline -0.003 -9"><span class='ocrx_word' id='word_1_833' title='bbox 1191 2677 1264 2707; x_wconf 90' lang='lat' dir='ltr'>Jam</span> <span class='ocrx_word' id='word_1_834' title='bbox 1280 2677 1460 2716; x_wconf 85' lang='lat' dir='ltr'>Lycurgus,</span> <span class='ocrx_word' id='word_1_835' title='bbox 1474 2674 1589 2715; x_wconf 85' lang='lat' dir='ltr'>inquit,</span> <span class='ocrx_word' id='word_1_836' title='bbox 1608 2674 1636 2706; x_wconf 93' lang='lat' dir='ltr'>is</span> <span class='ocrx_word' id='word_1_837' title='bbox 1653 2674 1708 2714; x_wconf 91' lang='lat' dir='ltr'>qui</span> <span class='ocrx_word' id='word_1_838' title='bbox 1721 2672 1975 2706; x_wconf 83' lang='lat' dir='ltr'>Lacedaemoniis</span> <span class='ocrx_word' id='word_1_839' title='bbox 1989 2672 2074 2713; x_wconf 88' lang='lat' dir='ltr'>leges</span> <span class='ocrx_word' id='word_1_840' title='bbox 2090 2673 2211 2714; x_wconf 82' lang='lat' dir='ltr'>posuit,</span> 
     </span>
     <span class='ocr_line' id='line_1_105' title="bbox 1190 2719 2211 2763; baseline -0.002 -10"><span class='ocrx_word' id='word_1_841' title='bbox 1190 2722 1334 2763; x_wconf 85' lang='lat' dir='ltr'>quinque</span> <span class='ocrx_word' id='word_1_842' title='bbox 1347 2722 1498 2754; x_wconf 83' lang='lat' dir='ltr'>aetatibus</span> <span class='ocrx_word' id='word_1_843' title='bbox 1525 2721 1683 2762; x_wconf 89' lang='lat' dir='ltr'>posterior</span> <span class='ocrx_word' id='word_1_844' title='bbox 1707 2722 1767 2752; x_wconf 84' lang='lat' dir='ltr'>suit</span> <span class='ocrx_word' id='word_1_845' title='bbox 1790 2721 2007 2760; x_wconf 87' lang='lat' dir='ltr'>Althaemene,</span> <span class='ocrx_word' id='word_1_846' title='bbox 2029 2719 2164 2752; x_wconf 81' lang='lat' dir='ltr'>coloniae</span> <span class='ocrx_word' id='word_1_847' title='bbox 2178 2719 2211 2752; x_wconf 84' lang='lat' dir='ltr'>in</span> 
     </span>
     <span class='ocr_line' id='line_1_106' title="bbox 1190 2765 2212 2806; baseline -0.002 -6"><span class='ocrx_word' id='word_1_848' title='bbox 1190 2771 1320 2801; x_wconf 85' lang='lat' dir='ltr'>Cretam</span> <span class='ocrx_word' id='word_1_849' title='bbox 1343 2769 1447 2800; x_wconf 89' lang='lat' dir='ltr'>duce:</span> <span class='ocrx_word' id='word_1_850' title='bbox 1469 2769 1612 2800; x_wconf 84' lang='lat' dir='ltr'>historiae</span> <span class='ocrx_word' id='word_1_851' title='bbox 1632 2768 1719 2799; x_wconf 88' lang='lat' dir='ltr'>enim</span> <span class='ocrx_word' id='word_1_852' title='bbox 1745 2767 1882 2806; x_wconf 90' lang='lat' dir='ltr'>docent,</span> <span class='ocrx_word' id='word_1_853' title='bbox 1903 2767 1989 2798; x_wconf 89' lang='lat' dir='ltr'>hunc</span> <span class='ocrx_word' id='word_1_854' title='bbox 2013 2766 2098 2799; x_wconf 85' lang='lat' dir='ltr'>Cissi</span> <span class='ocrx_word' id='word_1_855' title='bbox 2111 2765 2212 2798; x_wconf 87' lang='lat' dir='ltr'>filium</span> 
     </span>
     <span class='ocr_line' id='line_1_107' title="bbox 1190 2813 2211 2855; baseline 0 -9"><span class='ocrx_word' id='word_1_856' title='bbox 1190 2816 1299 2854; x_wconf 83' lang='lat' dir='ltr'>fuisse,</span> <span class='ocrx_word' id='word_1_857' title='bbox 1314 2815 1383 2855; x_wconf 87' lang='lat' dir='ltr'>ejus</span> <span class='ocrx_word' id='word_1_858' title='bbox 1406 2815 1463 2855; x_wconf 90' lang='lat' dir='ltr'>qui</span> <span class='ocrx_word' id='word_1_859' title='bbox 1478 2818 1578 2855; x_wconf 83' lang='lat' dir='ltr'>Argos</span> <span class='ocrx_word' id='word_1_860' title='bbox 1591 2814 1736 2846; x_wconf 88' lang='lat' dir='ltr'>condidit</span> <span class='ocrx_word' id='word_1_861' title='bbox 1749 2823 1786 2845; x_wconf 89' lang='lat' dir='ltr'>ea</span> <span class='ocrx_word' id='word_1_862' title='bbox 1797 2814 1997 2854; x_wconf 78' lang='lat' dir='ltr'>tempestate,</span> <span class='ocrx_word' id='word_1_863' title='bbox 2012 2821 2076 2853; x_wconf 88' lang='lat' dir='ltr'>qua</span> <span class='ocrx_word' id='word_1_864' title='bbox 2084 2813 2211 2846; x_wconf 84' lang='lat' dir='ltr'>Procles</span> 
     </span>
     <span class='ocr_line' id='line_1_108' title="bbox 1191 2861 2210 2902; baseline -0.001 -10"><span class='ocrx_word' id='word_1_865' title='bbox 1191 2864 1337 2902; x_wconf 86' lang='lat' dir='ltr'>Spartam</span> <span class='ocrx_word' id='word_1_866' title='bbox 1353 2871 1360 2892; x_wconf 90' lang='lat'>:</span> <span class='ocrx_word' id='word_1_867' title='bbox 1376 2861 1465 2901; x_wconf 89' lang='lat' dir='ltr'>atqui</span> <span class='ocrx_word' id='word_1_868' title='bbox 1481 2870 1594 2893; x_wconf 89' lang='lat' dir='ltr'>omnes</span> <span class='ocrx_word' id='word_1_869' title='bbox 1610 2861 1644 2892; x_wconf 91' lang='lat' dir='ltr'>in</span> <span class='ocrx_word' id='word_1_870' title='bbox 1657 2861 1718 2892; x_wconf 90' lang='lat' dir='ltr'>hoc</span> <span class='ocrx_word' id='word_1_871' title='bbox 1731 2861 1946 2899; x_wconf 89' lang='lat' dir='ltr'>consentiunt,</span> <span class='ocrx_word' id='word_1_872' title='bbox 1962 2861 2089 2892; x_wconf 86' lang='lat' dir='ltr'>sextum</span> <span class='ocrx_word' id='word_1_873' title='bbox 2107 2868 2126 2891; x_wconf 87' lang='lat' dir='ltr'>a</span> <span class='ocrx_word' id='word_1_874' title='bbox 2136 2861 2210 2891; x_wconf 89' lang='lat' dir='ltr'>Pro·</span> 
     </span>
     <span class='ocr_line' id='line_1_109' title="bbox 1190 2905 2210 2948; baseline -0.002 -8"><span class='ocrx_word' id='word_1_875' title='bbox 1190 2909 1238 2940; x_wconf 89' lang='lat' dir='ltr'>cle</span> <span class='ocrx_word' id='word_1_876' title='bbox 1256 2908 1355 2940; x_wconf 81' lang='lat' dir='ltr'>fuisse</span> <span class='ocrx_word' id='word_1_877' title='bbox 1374 2910 1569 2948; x_wconf 85' lang='lat' dir='ltr'>Lycurgum.</span> <span class='ocrx_word' id='word_1_878' title='bbox 1587 2910 1696 2947; x_wconf 86' lang='lat' dir='ltr'>Neque</span> <span class='ocrx_word' id='word_1_879' title='bbox 1718 2915 1795 2939; x_wconf 85' lang='lat' dir='ltr'>vero</span> <span class='ocrx_word' id='word_1_880' title='bbox 1815 2907 2011 2938; x_wconf 86' lang='lat' dir='ltr'>imitationes</span> <span class='ocrx_word' id='word_1_881' title='bbox 2035 2905 2210 2947; x_wconf 85' lang='lat' dir='ltr'>exemplis,</span> 
     </span>
     <span class='ocr_line' id='line_1_110' title="bbox 1190 2952 2210 2996; baseline -0.002 -10"><span class='ocrx_word' id='word_1_882' title='bbox 1190 2964 1298 2996; x_wconf 86' lang='lat' dir='ltr'>neque</span> <span class='ocrx_word' id='word_1_883' title='bbox 1309 2955 1484 2986; x_wconf 81' lang='lat' dir='ltr'>recentiora</span> <span class='ocrx_word' id='word_1_884' title='bbox 1497 2954 1733 2995; x_wconf 89' lang='lat' dir='ltr'>antiquioribus</span> <span class='ocrx_word' id='word_1_885' title='bbox 1741 2962 1812 2986; x_wconf 91' lang='lat' dir='ltr'>esse</span> <span class='ocrx_word' id='word_1_886' title='bbox 1827 2953 1932 2994; x_wconf 92' lang='lat' dir='ltr'>priora</span> <span class='ocrx_word' id='word_1_887' title='bbox 1947 2952 2061 2984; x_wconf 88' lang='lat' dir='ltr'>solent.</span> <span class='ocrx_word' id='word_1_888' title='bbox 2077 2952 2210 2985; x_wconf 76' lang='lat' dir='ltr'>saltatio</span> 
     </span>
     <span class='ocr_line' id='line_1_111' title="bbox 1189 2998 2211 3042; baseline -0.002 -9"><span class='ocrx_word' id='word_1_889' title='bbox 1189 3002 1298 3040; x_wconf 87' lang='lat' dir='ltr'>etiam,</span> <span class='ocrx_word' id='word_1_890' title='bbox 1314 3010 1388 3042; x_wconf 89' lang='lat' dir='ltr'>quae</span> <span class='ocrx_word' id='word_1_891' title='bbox 1402 3001 1435 3032; x_wconf 90' lang='lat' dir='ltr'>in</span> <span class='ocrx_word' id='word_1_892' title='bbox 1448 3010 1509 3033; x_wconf 92' lang='lat' dir='ltr'>usu</span> <span class='ocrx_word' id='word_1_893' title='bbox 1525 2999 1611 3042; x_wconf 87' lang='lat' dir='ltr'>apud</span> <span class='ocrx_word' id='word_1_894' title='bbox 1623 3000 1883 3032; x_wconf 86' lang='lat' dir='ltr'>Lacedaemonios</span> <span class='ocrx_word' id='word_1_895' title='bbox 1896 3000 1956 3038; x_wconf 90' lang='lat' dir='ltr'>est,</span> <span class='ocrx_word' id='word_1_896' title='bbox 1971 3003 2004 3031; x_wconf 87' lang='lat' dir='ltr'>et</span> <span class='ocrx_word' id='word_1_897' title='bbox 2018 2998 2159 3039; x_wconf 85' lang='lat' dir='ltr'>rhythmi</span> <span class='ocrx_word' id='word_1_898' title='bbox 2172 3007 2211 3031; x_wconf 82' lang='lat' dir='ltr'>ac</span> 
     </span>
     <span class='ocr_line' id='line_1_112' title="bbox 1190 3047 2208 3091; baseline -0.004 -9"><span class='ocrx_word' id='word_1_899' title='bbox 1190 3059 1335 3091; x_wconf 83' lang='lat' dir='ltr'>paeanes,</span> <span class='ocrx_word' id='word_1_900' title='bbox 1355 3050 1408 3090; x_wconf 90' lang='lat' dir='ltr'>qui</span> <span class='ocrx_word' id='word_1_901' title='bbox 1433 3058 1472 3081; x_wconf 89' lang='lat' dir='ltr'>ex</span> <span class='ocrx_word' id='word_1_902' title='bbox 1491 3050 1558 3089; x_wconf 86' lang='lat' dir='ltr'>lege</span> <span class='ocrx_word' id='word_1_903' title='bbox 1579 3051 1758 3088; x_wconf 89' lang='lat' dir='ltr'>canuntur,</span> <span class='ocrx_word' id='word_1_904' title='bbox 1776 3048 1900 3088; x_wconf 88' lang='lat' dir='ltr'>aliaque</span> <span class='ocrx_word' id='word_1_905' title='bbox 1923 3047 2025 3079; x_wconf 88' lang='lat' dir='ltr'>multa</span> <span class='ocrx_word' id='word_1_906' title='bbox 2040 3047 2208 3088; x_wconf 86' lang='lat' dir='ltr'>instituta,</span> 
     </span>
     <span class='ocr_line' id='line_1_113' title="bbox 1189 3094 2209 3137; baseline 0 -10"><span class='ocrx_word' id='word_1_907' title='bbox 1189 3096 1354 3128; x_wconf 85' lang='lat' dir='ltr'>Cretensia</span> <span class='ocrx_word' id='word_1_908' title='bbox 1370 3096 1454 3137; x_wconf 87' lang='lat' dir='ltr'>apud</span> <span class='ocrx_word' id='word_1_909' title='bbox 1465 3105 1520 3128; x_wconf 91' lang='lat' dir='ltr'>eos</span> <span class='ocrx_word' id='word_1_910' title='bbox 1535 3097 1703 3134; x_wconf 78' lang='lat' dir='ltr'>vocantur,</span> <span class='ocrx_word' id='word_1_911' title='bbox 1716 3095 1827 3135; x_wconf 89' lang='lat' dir='ltr'>utpote</span> <span class='ocrx_word' id='word_1_912' title='bbox 1837 3103 1855 3126; x_wconf 90' lang='lat' dir='ltr'>e</span> <span class='ocrx_word' id='word_1_913' title='bbox 1870 3096 1965 3126; x_wconf 85' lang='lat' dir='ltr'>Creta</span> <span class='ocrx_word' id='word_1_914' title='bbox 1980 3094 2089 3135; x_wconf 86' lang='lat' dir='ltr'>petita.</span> <span class='ocrx_word' id='word_1_915' title='bbox 2104 3095 2209 3135; x_wconf 81' lang='lat' dir='ltr'>Atque</span> 
     </span>
     <span class='ocr_line' id='line_1_114' title="bbox 1190 3141 2208 3184; baseline -0.002 -10"><span class='ocrx_word' id='word_1_916' title='bbox 1190 3144 1396 3184; x_wconf 78' lang='lat' dir='ltr'>magistratus</span> <span class='ocrx_word' id='word_1_917' title='bbox 1407 3143 1449 3174; x_wconf 91' lang='lat' dir='ltr'>ad</span> <span class='ocrx_word' id='word_1_918' title='bbox 1470 3141 1783 3174; x_wconf 88' lang='lat' dir='ltr'>administrationem</span> <span class='ocrx_word' id='word_1_919' title='bbox 1811 3141 1994 3181; x_wconf 77' lang='lat' dir='ltr'>reipublicae</span> <span class='ocrx_word' id='word_1_920' title='bbox 2012 3141 2208 3182; x_wconf 73' lang='lat' dir='ltr'>pertinentes</span> 
     </span>
    </p>
   </div>
   <div class='ocr_carea' id='block_1_8' title="bbox 1190 3185 2320 3278">
    <p class='ocr_par' dir='ltr' id='par_1_8' title="bbox 1190 3180 2320 3278">
     <span class='ocr_line' id='line_1_115' title="bbox 1191 3185 2207 3230; baseline -0.004 -8"><span class='ocrx_word' id='word_1_921' title='bbox 1191 3190 1362 3230; x_wconf 87' lang='lat' dir='ltr'>utrobique</span> <span class='ocrx_word' id='word_1_922' title='bbox 1374 3189 1484 3222; x_wconf 89' lang='lat' dir='ltr'>eadem</span> <span class='ocrx_word' id='word_1_923' title='bbox 1497 3190 1612 3230; x_wconf 84' lang='lat' dir='ltr'>gerunt</span> <span class='ocrx_word' id='word_1_924' title='bbox 1626 3188 1768 3227; x_wconf 87' lang='lat' dir='ltr'>nomina,</span> <span class='ocrx_word' id='word_1_925' title='bbox 1786 3190 1822 3218; x_wconf 91' lang='lat' dir='ltr'>ut</span> <span class='ocrx_word' id='word_1_926' title='bbox 1834 3188 1930 3219; x_wconf 87' lang='lat' dir='ltr'>etiam</span> <span class='ocrx_word' id='word_1_927' title='bbox 1946 3187 2114 3219; x_wconf 87' lang='lat' dir='ltr'>seniorum</span> <span class='ocrx_word' id='word_1_928' title='bbox 2128 3185 2207 3218; x_wconf 88' lang='lat' dir='ltr'>ordo</span> 
     </span>
     <span class='ocr_line' id='line_1_116' title="bbox 1190 3234 2320 3278; baseline -0.005 -8"><span class='ocrx_word' id='word_1_929' title='bbox 1190 3240 1222 3270; x_wconf 91' lang='lat' dir='ltr'>et</span> <span class='ocrx_word' id='word_1_930' title='bbox 1243 3238 1397 3278; x_wconf 78' lang='lat' dir='ltr'>Equitum</span> <span class='ocrx_word' id='word_1_931' title='bbox 1417 3247 1424 3267; x_wconf 89' lang='lat'><strong>:</strong></span> <span class='ocrx_word' id='word_1_932' title='bbox 1444 3236 1505 3268; x_wconf 88' lang='lat' dir='ltr'>nisi</span> <span class='ocrx_word' id='word_1_933' title='bbox 1528 3235 1617 3277; x_wconf 89' lang='lat' dir='ltr'>quod</span> <span class='ocrx_word' id='word_1_934' title='bbox 1641 3235 1673 3266; x_wconf 89' lang='lat' dir='ltr'>in</span> <span class='ocrx_word' id='word_1_935' title='bbox 1700 3238 1794 3267; x_wconf 80' lang='lat' dir='ltr'>Creta</span> <span class='ocrx_word' id='word_1_936' title='bbox 1821 3234 1993 3275; x_wconf 87' lang='lat' dir='ltr'>Equitibus</span> <span class='ocrx_word' id='word_1_937' title='bbox 2012 3234 2109 3266; x_wconf 85' lang='lat' dir='ltr'>etiam</span> <span class='ocrx_word' id='word_1_938' title='bbox 2131 3234 2208 3265; x_wconf 79' lang='lat' dir='ltr'>sunt</span> <span class='ocrx_word' id='word_1_939' title='bbox 2318 3239 2320 3243; x_wconf 93' lang='grc'><strong><em>·</em></strong></span> 
     </span>
    </p>
   </div>
   <div class='ocr_carea' id='block_1_9' title="bbox 1189 3281 2206 3418">
    <p class='ocr_par' dir='ltr' id='par_1_9' title="bbox 1189 3281 2206 3418">
     <span class='ocr_line' id='line_1_117' title="bbox 1189 3281 2206 3325; baseline -0.005 -9"><span class='ocrx_word' id='word_1_940' title='bbox 1189 3284 1279 3325; x_wconf 88' lang='lat' dir='ltr'>equi;</span> <span class='ocrx_word' id='word_1_941' title='bbox 1295 3284 1380 3315; x_wconf 90' lang='lat' dir='ltr'>unde</span> <span class='ocrx_word' id='word_1_942' title='bbox 1393 3283 1558 3324; x_wconf 86' lang='lat' dir='ltr'>colligunt,</span> <span class='ocrx_word' id='word_1_943' title='bbox 1574 3282 1658 3323; x_wconf 86' lang='lat' dir='ltr'>apud</span> <span class='ocrx_word' id='word_1_944' title='bbox 1671 3283 1841 3313; x_wconf 86' lang='lat' dir='ltr'>Cretenses</span> <span class='ocrx_word' id='word_1_945' title='bbox 1857 3281 2069 3321; x_wconf 85' lang='lat' dir='ltr'>antiquiorem</span> <span class='ocrx_word' id='word_1_946' title='bbox 2081 3286 2206 3312; x_wconf 84' lang='lat' dir='ltr'>esseco-</span> 
     </span>
     <span class='ocr_line' id='line_1_118' title="bbox 1190 3325 2206 3371; baseline -0.005 -8"><span class='ocrx_word' id='word_1_947' title='bbox 1190 3340 1262 3363; x_wconf 86' lang='lat' dir='ltr'>rum</span> <span class='ocrx_word' id='word_1_948' title='bbox 1275 3330 1474 3371; x_wconf 86' lang='lat' dir='ltr'>dignitatem,</span> <span class='ocrx_word' id='word_1_949' title='bbox 1492 3338 1566 3370; x_wconf 85' lang='lat' dir='ltr'>quae</span> <span class='ocrx_word' id='word_1_950' title='bbox 1582 3328 1748 3360; x_wconf 87' lang='lat' dir='ltr'>veritatem</span> <span class='ocrx_word' id='word_1_951' title='bbox 1764 3327 1905 3359; x_wconf 87' lang='lat' dir='ltr'>nominis</span> <span class='ocrx_word' id='word_1_952' title='bbox 1927 3329 2045 3365; x_wconf 86' lang='lat' dir='ltr'>servat,</span> <span class='ocrx_word' id='word_1_953' title='bbox 2060 3325 2206 3359; x_wconf 64' lang='lat' dir='ltr'>Lacedae-</span> 
     </span>
     <span class='ocr_line' id='line_1_119' title="bbox 1191 3373 2203 3418; baseline -0.008 -8"><span class='ocrx_word' id='word_1_954' title='bbox 1191 3378 1308 3411; x_wconf 88' lang='lat' dir='ltr'>moniis</span> <span class='ocrx_word' id='word_1_955' title='bbox 1322 3376 1493 3418; x_wconf 87' lang='lat' dir='ltr'>Equitibus</span> <span class='ocrx_word' id='word_1_956' title='bbox 1506 3385 1606 3417; x_wconf 87' lang='lat' dir='ltr'>equos</span> <span class='ocrx_word' id='word_1_957' title='bbox 1623 3384 1687 3406; x_wconf 90' lang='lat' dir='ltr'>non</span> <span class='ocrx_word' id='word_1_958' title='bbox 1704 3374 1898 3407; x_wconf 79' lang='lat' dir='ltr'>habentibus</span> <span class='ocrx_word' id='word_1_959' title='bbox 1914 3375 1945 3405; x_wconf 88' lang='lat' dir='ltr'>in</span> <span class='ocrx_word' id='word_1_960' title='bbox 1962 3383 2022 3406; x_wconf 89' lang='lat' dir='ltr'>sua</span> <span class='ocrx_word' id='word_1_961' title='bbox 2036 3373 2203 3415; x_wconf 85' lang='lat' dir='ltr'>potestate.</span> 
     </span>
    </p>
   </div>
   <div class='ocr_carea' id='block_1_10' title="bbox 2251 2855 2320 3684">
    <p class='ocr_par' dir='ltr' id='par_1_10' title="bbox 2251 2855 2320 3684">
     <span class='ocr_line' id='line_1_120' title="bbox 2251 2855 2320 3684; baseline 0 0"><span class='ocrx_word' id='word_1_962' title='bbox 2251 2855 2320 3684; x_wconf 95' lang='lat' dir='ltr'> </span> 
     </span>
    </p>
   </div>
  </div>
 </body>
</html>
