2320 3684
736 183 1071 226 APOLLODORI
1100 184 1437 225 FRAGMENTA.

28 274 127 315 πόλιν
147 272 234 327 ὑπὲρ
253 272 372 319 αὐτῆς,
388 270 448 324 ἀφ’
466 263 508 316 ἧς
522 269 554 308 οἱ
570 267 681 321 ταύτῃ
701 268 820 311 Χῶνες
838 268 1054 317 ἐκλήθησαν·

31 333 112 387 παρ’
143 333 249 371 αὐτοῦ
284 329 323 368 δέ
351 343 440 373 τινες
467 326 650 371 σταλέντες
681 328 728 370 εἷς
763 326 947 375 Σικελίαν,
978 327 1059 380 περὶ

27 390 169 445 Ἔρυκα
184 387 274 441 μετὰ
294 386 466 439 Αἰγέστου
481 389 542 425 τοῦ
561 385 683 439 Τρωὸς
702 383 877 436 Αἴγεσταν
904 386 1059 438 τειχίσαι

29 449 95 504 (sc.
118 448 309 501 λέγονται).

504 505 592 544 174,

82 567 209 608 Schol.
228 566 428 619 Apollonii
443 568 521 614 111,
541 577 660 614 1090:
682 563 834 615 Αίμονία
853 561 1060 617 τοπρότερον

28 629 51 674 ἡ
70 625 256 667 Θεσσαλία
275 625 445 663 ἐκαλεῖτο.
464 622 539 663 Καὶ
558 621 666 666 ἄλλας
685 621 721 660 δὲ
738 621 839 674 ἔσχεν
856 621 1058 673 ὀνομασίας.

29 683 196 736 Ἐλέγετο
212 682 248 722 δὲ
267 683 328 722 καὶ
348 680 528 736 Πυρῥοδία
545 681 668 733 (legoz
688 679 866 733 Πυῤῥαία,
885 689 929 718 ut
956 679 1060 731 apud

30 743 208 784 Strabon-
250 742 317 780 lib.
346 745 422 789 IX,
453 741 516 778 fin.
543 739 689 791 Heyn.)
715 739 799 778 ἀπὸ·
814 738 960 793 Πύῤῥας
998 740 1062 785 τῆς

29 801 280 850 Δευκαλίωνος,
289 800 349 852 [Ἥ
360 798 543 840 Θεσσαλία
553 799 712 837 ἐκαλεῖτο
720 797 909 837 τοπαλαιὸν
919 797 1062 852 Πύῤῥα]

31 863 78 906 ὡς
93 859 246 916 Ῥιανός·

112 924 239 967 Πύῤῥαν
255 924 386 964 δήποτε,
403 923 459 962 τήν
475 934 511 964 γε
525 921 721 964 παλαιότεροι
737 921 906 953 καλέεσκον

112 971 237 1013 Πύῤῥης
252 970 464 1007 Δευκαλίωνος
480 969 534 1002 ἀπ’
547 969 676 1012 ἀρχαίης
693 967 820 1009 ἀλόχοιο
835 977 842 984 ·

113 1018 262 1060 Αἱμονίην
278 1018 304 1049 δ’
322 1018 437 1054 ἐξαῦτις
452 1017 504 1058 ἀφ’
521 1017 665 1058 Αἵμονος,
684 1015 718 1047 ὅν
735 1017 774 1057 ῥα
786 1015 948 1055 Πέλασγοι,

113 1065 236 1106 γείνατο
251 1064 396 1107 φέρτατον
417 1064 484 1096 υἱόν
499 1073 508 1080 ·
528 1064 545 1095 ὁ
562 1064 588 1096 δ’
605 1062 644 1095 αὗ
660 1063 731 1094 τέκε
747 1062 908 1094 Θέσσαλον
931 1061 1039 1102 Αἵμων
1055 1070 1062 1078 ’

113 1115 168 1144 τοῦ
184 1113 210 1144 δ’
226 1112 289 1144 ἄπο
305 1111 482 1150 Θεσσαλίην
498 1111 568 1143 λαοὶ
586 1109 838 1151 μετεφημίξαντο.

29 1168 76 1206 Οἱ
105 1164 141 1204 δὲ
172 1165 242 1204 ἀπὸ
276 1166 463 1206 Θεσσαλοῦ
497 1169 559 1204 τοῦ
592 1164 793 1204 Φειδίππου
825 1162 975 1217 πατρὸς,
1005 1166 1065 1202 τοῦ

33 1224 282 1278 Ἡρακλείδου,
304 1223 394 1275 μετὰ
409 1223 455 1262 τὰ
472 1223 622 1278 Τρωϊκὰ
638 1225 811 1271 κληθῆναι
830 1222 927 1277 φασί.
950 1223 1008 1273 (V.
1020 1222 1064 1260 Il.

33 1285 77 1332 B,
99 1283 207 1335 678.)
225 1285 419 1337 Διαιρεῖται
437 1282 471 1320 δὲ
492 1285 539 1326 εἷς
553 1282 643 1337 μέρη
660 1281 816 1335 τέσσαρα
828 1297 836 1306 ·
858 1282 1068 1332 Πελασγιῶ-

31 1357 105 1390 τιν,
122 1344 370 1382 Θεσσαλιῶτιν
382 1373 392 1391 ,
409 1342 580 1381 Ἰωλκῖτιν
591 1372 601 1390 ,
618 1343 789 1380 Φθιῶτιν.
804 1342 930 1379 Ταῦτα
947 1354 1067 1392 παρα-

32 1399 166 1439 τίθεται
183 1399 444 1455 Ἀπολλόδωρος
462 1402 497 1439 ἐν
516 1402 602 1439 νεῶν
626 1398 825 1452 καταλόγῳ.

85 1519 227 1557 Strabo
257 1522 353 1566 VII,
382 1532 419 1570 p.
447 1518 543 1565 505,
561 1522 590 1556 B
610 1516 732 1569 (328),
764 1516 866 1555 Helli
893 1516 953 1554 vel
978 1515 1069 1554 Selli

33 1578 135 1616 circa
150 1577 352 1616 Dodonam
367 1593 375 1615 :
398 1576 544 1616 Οἴονται
558 1575 613 1624 δὲ,
630 1575 736 1629 φησὶν
757 1577 775 1613 ὁ
791 1573 1068 1628 Ἀπολλόδωρος,

35 1635 106 1674 ἀπὸ
119 1637 189 1674 τῶν
206 1635 295 1673 ἑλῶν
314 1637 384 1673 τῶν
402 1634 482 1688 περὶ
500 1634 540 1673 τὸ
554 1633 644 1688 ἱερὸν
664 1633 754 1672 οὕτω
773 1634 967 1672 καλεῖσθαι.
995 1632 1068 1672 Τὸν

36 1695 155 1746 μέντοι
174 1693 323 1742 ποιητὴν
339 1695 378 1732 οὖ
393 1693 507 1745 λέγειν
525 1692 684 1740 Ἑλλοὺς,
703 1692 794 1731 ἀλλὰ
808 1691 961 1735 Σελλοὺς
978 1694 1069 1730 ὑπο-

33 1753 209 1804 λαμὸοίνει
232 1751 313 1797 τοὺς
331 1752 411 1806 περὶ
429 1752 469 1791 τὸ
491 1752 602 1806 ἱερὸν,
619 1751 799 1806 προσθεὶς,
819 1750 873 1789 ὅτι
891 1750 951 1789 καὶ
972 1752 1068 1790 Σελ-

33 1811 163 1860 λήεντά
193 1827 273 1850 τινα
305 1812 468 1863 ὀνομάζει
486 1811 658 1863 ποταμόν.
681 1811 871 1863 Ὀνομάζει
898 1809 961 1863 μὲν
991 1804 1069 1859 οὖν,

34 1869 116 1910 ὅταν
137 1873 185 1925 φῇ
200 1871 262 1924 (11.
282 1876 325 1920 Β,
341 1872 434 1922 659)
449 1886 458 1895 ·

172 1936 307 1975 Τηλόθεν
320 1937 350 1973 ἐξ
365 1937 495 1979 Ἐφύρης
510 1938 654 1977 ποταμοῦ
669 1935 732 1967 ἀπὸ
744 1935 937 1973 Σελλήεντος·

39 1989 95 2027 *ἐν
136 1987 173 2028 δὲ
209 1990 440 2043 Θεσπρωτοῖς
471 1988 648 2042 Ἐφύρας,
684 1988 762 2026 ἀλλ’
790 1989 825 2026 ἐν
864 1993 935 2031 τοῖς
978 1986 1072 2030 ἐντὸς

37 2047 213 2092 Ἠλείοις·
231 2049 304 2087 ἐκεῖ
334 2047 401 2102 γὰρ
430 2041 519 2086 εἶναι
541 2047 600 2086 τὸν
635 2045 859 2096 Σελλήεντα,
884 2048 919 2085 ἐν
945 2043 981 2085 δὲ
998 2047 1072 2086 Θε-

39 2113 212 2162 σπρωτοῖς
231 2107 372 2155 οὐδένα,
395 2107 464 2146 οὐδ’
484 2108 519 2145 ἐν
542 2108 746 2149 Μολοττοῖς.

93 2185 109 2202 τι
129 2171 174 2207 In
191 2168 278 2206 loco
295 2167 405 2205 valde
432 2174 617 2218 corrupto
635 2165 797 2205 Casaub.
815 2178 903 2202 cum
922 2164 1073 2215 Xylan-

39 2225 111 2264 dro
144 2226 300 2278 supplet
330 2242 339 2264 :
376 2227 430 2265 Οὔ
467 2227 530 2272 τ’ἧς
564 2226 599 2263 ἐν
632 2226 861 2277 Θεσπρωτοῖς
889 2222 1047 2277 Ἐφύρας
1061 2252 1070 2270 ,

38 2285 148 2336 quasi
171 2299 249 2323 non
267 2285 511 2336 Thesprotiae
534 2284 727 2335 Ephyram
743 2312 752 2330 ‚
785 2282 852 2320 sed
877 2282 998 2320 Elidis
1016 2282 1074 2318 in-

39 2343 158 2395 telligi
180 2344 220 2381 in
239 2344 326 2381 loco
365 2343 575 2381 Homerico
600 2342 766 2380 voluerit
794 2338 1071 2393 Apollodorus.

38 2402 99 2441 lta
117 2415 212 2440 vero
236 2402 350 2440 aliter
377 2402 441 2440 ille
463 2402 504 2439 in
520 2402 598 2449 his,
629 2414 743 2452 quam
766 2401 807 2438 in
834 2400 1075 2439 Bibliotheca

40 2521 103 2545 nen
115 2535 125 2552 ,
155 2521 174 2545 a
191 2521 256 2554 qua
275 2513 406 2545 Chones
422 2513 456 2544 in
472 2521 509 2545 ea
525 2512 653 2553 regione
669 2512 748 2544 dicti
766 2524 776 2553 ;
793 2513 826 2544 et
842 2512 961 2544 missos
978 2512 1019 2544 ab
1035 2520 1074 2544 eo

39 2560 197 2601 quosdam
220 2559 253 2591 in
276 2559 418 2592 Siciliam
437 2560 479 2592 ad
501 2562 639 2601 Erycem
660 2569 736 2592 cum
758 2562 889 2601 AEgesto
911 2560 1050 2601 Troiano
1063 2583 1072 2600 ‚

40 2607 203 2648 AEgestam
220 2606 334 2640 urbem
350 2606 540 2640 aedificasse.

511 2667 527 2700 1
537 2667 583 2701 74
591 2692 600 2700 .

82 2719 246 2752 Thessalia
273 2719 363 2761 prius
389 2718 554 2751 dicebatur
581 2719 750 2752 Haemonia
760 2743 769 2759 ‚
802 2721 899 2760 atque
924 2719 986 2751 alia
1013 2727 1073 2750 no-

41 2765 129 2798 mina
145 2766 293 2799 habebat.
305 2766 536 2808 Appellabatur
551 2768 650 2799 etiam
663 2766 841 2808 Pyrrhodia
859 2767 938 2807 (vel
954 2769 1073 2807 potius

41 2813 217 2855 Pyrrhaea)
233 2822 252 2846 a
273 2814 397 2855 Pyrrha
417 2813 623 2847 Deucalionis
639 2815 794 2856 conjuge,
820 2816 857 2846 ut
876 2814 957 2847 dicit
977 2814 1072 2846 Rhia-

41 2867 104 2892 BUS
120 2869 129 2891 :

104 2920 248 2960 Pyrrham
258 2942 268 2959 ,
284 2931 376 2960 quam
393 2921 587 2960 antiquiores
603 2919 809 2949 nominabant

103 2976 122 2996 a
141 2967 276 3006 Pyrrha,
292 2967 492 2997 Deucalionis
507 2973 630 2997 vetusta
645 2967 795 3006 conjuge;
910 2965 1072 3007 [Pelasgus

103 3023 211 3043 rursus
226 3020 338 3044 terram
350 3014 555 3044 nominabant
562 3015 752 3044 Haemoniam
761 3014 801 3043 ab
809 3014 972 3052 Haemone,
980 3023 1072 3052 quem

104 3060 213 3100 genuit
224 3060 427 3091 fortissimum
442 3061 551 3093 filium.
564 3063 696 3091 Haemon
705 3072 779 3092 vero
795 3060 970 3101 procreavit
983 3061 1074 3089 Thes-

959 3118 971 3135 s
991 3107 1000 3135 l

107 3163 125 3183 a
140 3163 203 3193 quo
220 3154 412 3185 Thessaliam
426 3156 538 3196 populi
553 3166 621 3186 eam
634 3161 753 3185 mutato
769 3156 895 3184 nomine
911 3106 1072 3184 diggrzffif

45 3214 108 3248 Alii
132 3216 331 3249 Thessaliam
362 3227 382 3250 a
399 3218 555 3250 Thessalo
574 3218 721 3259 Phidippi
740 3219 849 3259 patre,
882 3217 1073 3255 Heraclida,

44 3265 119 3303 post
147 3263 261 3295 'troica
288 3264 528 3297 denominatam
550 3265 676 3297 volunt.
709 3265 912 3305 Dispeseitur
934 3272 1011 3295 vcro
1039 3264 1072 3294 in

46 3310 201 3349 quattuor
220 3312 347 3351 partes,
373 3312 640 3353 Pelasgiotidem,
665 3312 954 3350 Thessaliotidem‚
980 3310 1074 3343 Iolci-

46 3353 166 3394 tidem,
190 3355 421 3390 Phthiotidem.
451 3359 529 3390 Haec
554 3357 687 3399 apponit
713 3356 928 3398 Apollodorus
953 3357 984 3387 in
1014 3357 1072 3387 Na-

46 3399 144 3442 vium·
160 3402 323 3444 catalogo.

2019 179 2022 182 ’
2066 192 2142 225 459

1117 273 1167 319 ΙΙ,
1190 285 1226 320 7,
1248 271 1285 319 6,
1300 271 1477 309 statuisse
1493 269 1616 308 videri
1631 269 1772 308 debet:
1790 282 1879 308 nam
1897 269 1954 308 ibi
1972 269 2011 308 in
2026 270 2147 322 Epiro

1119 342 1179 367 res
1211 330 1389 367 Herculis
1419 338 1543 381 gestas
1572 337 1725 367 enarrat
1751 343 1760 366 z
1795 329 1992 379 Phylantis
2018 338 2147 368 autem

1120 388 1197 425 filia
1217 389 1413 427 Astioche.
1434 392 1580 428 Verum
1599 401 1838 441 apponemus
1854 384 1990 426 'statim
2017 388 2149 426 locum

1119 446 1236 484 alium
1258 447 1482 496 Strabonis,
1508 460 1556 485 ex
1575 461 1652 498 quo
1681 445 1828 498 patebit
1851 446 1982 484 locum
2015 446 2149 497 paullo

1120 514 1210 543 ante
1228 506 1432 544 recitatum
1460 507 1599 546 lacuna
1615 506 1790 545 laborare
1806 514 1893 544 ante
1910 506 1983 543 ista
2001 520 2010 543 ε
2028 504 2093 544 Ἐν
2111 503 2149 543 δὲ

1120 565 1347 618 Θεσπρωτοῖς
1364 564 1530 619 Ἔφύρας.
1554 566 1708 605 Excidit
1727 566 1829 604 enim
1844 565 1991 603 mentio
2013 567 2150 602 Deme-

1122 624 1185 661 trii
1201 625 1366 674 Scepsii,
1381 625 1490 675 cujus
1510 626 1576 663 illa
1598 626 1670 663 fuit
1688 625 1902 663 admonitio
1918 640 1926 662 :
1946 623 1995 662 ad
2014 624 2151 676 Ephy-

1121 695 1204 720 ram
1216 683 1510 734 Thesproticam
1525 684 1752 722 Selleentem
1768 697 1851 721 esse
1864 683 2011 720 nullum
2026 697 2034 719 :
2049 682 2151 720 hunc

1122 741 1241 780 Elidis
1257 755 1338 779 esse
1358 742 1532 779 fluvium.
1555 745 1734 781 Ceterum
1758 742 1806 780 ad
1826 741 2028 781 Strabonis
2049 755 2154 780 men-

1125 809 1202 838 tem
1219 808 1365 851 spectat
1382 801 1513 838 similis
1527 814 1660 839 versus
1679 802 1724 839 Il.
1744 803 1795 849 Ο,
1816 802 1904 849 531,
1924 800 1970 838 de
1989 801 2152 851 Phyleo.

1123 862 1223 898 Nata
1242 859 1442 897 diversitas
1459 872 1508 896 ex
1521 860 1686 898 nominis
1703 859 1952 899 similitudine
1966 859 2100 910 Phylei
2116 867 2155 897 et

1123 918 1332 968 Phylantis.
1364 921 1422 955 De
1449 917 1604 969 Ephyra
1623 918 1733 970 Epiri
1759 931 1873 956 nemo
1897 917 2074 956 dubitet:
2105 917 2153 955 cf.

1123 978 1305 1029 Stephan.
1321 980 1426 1028 Byz.;
1444 977 1511 1015 sed
1528 976 1577 1015 de
1594 990 1705 1015 amne
1721 977 1908 1015 Selleente
1924 976 2154 1014 dubitatur.»

1123 1040 1246 1085 Heyn.
1279 1039 1409 1083 Quare
1440 1035 1682 1074 Siebenkees.
1719 1036 1891 1073 lacunam
1929 1035 2156 1087 explendam

1125 1103 1256 1134 censet
1270 1095 1374 1133 hunc
1400 1095 1481 1133 sere
1511 1095 1551 1131 in
1577 1094 1760 1132 modum:
1780 1093 1827 1132 Ὁ
1847 1092 1883 1131 δὲ
1907 1093 2063 1147 Σκήψιος
2079 1095 2157 1141 Δη-

1127 1154 1272 1209 μήτριος
1287 1153 1326 1192 οὔ
1349 1169 1454 1209 φησιν
1474 1145 1563 1192 εἶναι
1579 1156 1640 1200 τῆς
1656 1154 1690 1191 ἐν
1708 1154 1934 1205 Θεσπρωτοῖς
1948 1151 2046 1205 Ἐφ.,
2067 1151 2158 1190 ἀλλὰ

1126 1229 1188 1260 της
1204 1229 1239 1251 εν
1257 1228 1368 1257 τοις...

1413 1318 1598 1350 ΤΡΩΙΚΟΣ
1604 1317 1875 1396 1,Ιιλ7ΙέᾸΚΟΣΜΟΣ

1182 1413 1323 1453 Strabo
1342 1415 1437 1460 XII,
1458 1426 1496 1464 p.
1529 1413 1622 1462 829,
1650 1414 1678 1450 C
1699 1411 1752 1463 (p.
1775 1409 1880 1462 552),
1909 1411 1976 1449 ubi
2008 1411 2087 1462 agit
2113 1410 2160 1449 de

1130 1473 1304 1511 versibus
1324 1476 1439 1510 Hom.
1459 1472 1503 1511 Il.
1522 1474 1551 1509 B
1567 1501 1578 1519 ,
1605 1471 1705 1509 856:

1213 1535 1316 1578 Αὐτὰρ
1329 1535 1496 1572 Ἁλιζώνων
1514 1534 1618 1570 Ὀδίος
1633 1534 1687 1565 καὶ
1703 1533 1906 1576 Ἐπίστροφος
1927 1533 2037 1575 ἦρχον,

1211 1583 1338 1621 τηλόθεν
1351 1582 1381 1618 ἐξ
1396 1582 1533 1621 Ἀλύὸης,
1551 1581 1619 1613 ὅθεν
1633 1580 1766 1623 ἀργύρου
1779 1580 1844 1612 ἐστὶ
1858 1580 1994 1621 γενέθλη.

1129 1640 1336 1686 Postquam
1356 1635 1403 1672 de
1420 1635 1688 1685 Theopompi,
1708 1634 1896 1672 Demetrii
1913 1633 2073 1684 Scepsii,
2088 1636 2164 1671 Me-

1130 1696 1296 1734 necratis
1310 1694 1508 1732 sententiis
1521 1693 1805 1744 disputaverat,
1821 1693 1948 1744 pergit
1966 1693 2021 1730 ita
2039 1707 2046 1730 :
2068 1692 2163 1745 Πρὸς

1131 1753 1392 1806 Ἀπολλόδωρον
1413 1751 1450 1790 δὲ
1475 1752 1555 1805 περὶ
1574 1754 1643 1790 τῶν
1663 1752 1777 1790 αὖτῶν
1798 1753 1833 1789 ἐν
1849 1754 1900 1805 τῷ
1919 1753 2072 1805 Τρωϊκῷ
2090 1752 2164 1789 δια-

1131 1812 1256 1865 κόσμῳ
1286 1809 1551 1862 διαλεγόμενον,
1576 1809 1691 1848 πολλὰ
1720 1808 1783 1861 μὲν
1807 1809 1944 1863 εἴρηται
1975 1806 2162 1864 πρότερον,

1132 1871 1193 1910 καὶ
1211 1875 1270 1909 νῦν
1291 1868 1328 1908 δὲ
1346 1868 1502 1908 λεκτέον.
1523 1869 1578 1908 Οὐ
1595 1867 1662 1922 γὰρ
1682 1867 1792 1906 οἴεται
1809 1868 1878 1907 δεῖν
1900 1868 2064 1921 δέχεσθαι
2088 1867 2165 1912 τοὺς

1132 1928 1317 1974 Ἁλίζωνας
1333 1927 1430 1971 ἐκτὸς
1444 1931 1505 1966 τοῦ
1521 1926 1645 1970 Ἅλυος
1656 1943 1663 1951 ·
1679 1926 1855 1978 μηδεμίαν
1870 1925 1937 1980 γὰρ
1956 1926 2164 1980 συμμαχίαν

1134 1990 1280 2042 ἀφῖχθαι
1298 1992 1369 2031 τοῖς
1388 1985 1529 2040 Τρωσὶν
1558 1987 1598 2024 ἐκ
1614 1989 1677 2033 τῆς
1707 1985 1854 2038 περαίας
1880 1990 1939 2024 τοῦ
1967 1983 2101 2029 Ἅλυος.
2119 1989 2165 2024 In

1134 2046 1384 2097 sequentibus
1408 2045 1684 2096 Apollodorum
1716 2045 1885 2082 refutare
1910 2045 2050 2082 studet.
2072 2044 2165 2083 Ἀλλ’

1135 2107 1215 2144 οὐδὲ
1245 2103 1344 2149 δόξαν
1365 2103 1440 2156 ἔχει
1469 2103 1634 2152 τοιαύτην
1668 2106 1738 2142 τῶν
1771 2105 1930 2142 παλαιῶν
1963 2105 2091 2152 εἰπεῖν,
2120 2106 2166 2148 ὡς

1134 2162 1414 2218 συμφωνούντων
1436 2163 1619 2211 ἁπάντων,
1638 2162 1790 2214 μηδένας
1809 2164 1848 2202 ἐκ
1863 2165 1925 2209 τῆς
1942 2162 2089 2216 περαίας
2104 2167 2165 2201 τοῦ

1133 2223 1258 2266 Ἅλυος
1303 2225 1515 2270 κοινωνῆσαι
1558 2226 1618 2261 τοῦ
1651 2224 1813 2276 Τρωϊκοῦ
1848 2220 2017 2272 πολέμου.
2071 2221 2167 2275 Πρὸς

1134 2281 1332 2322 τούναντίον
1348 2281 1385 2319 δὲ
1405 2282 1537 2332 μᾶλλον
1559 2280 1652 2335 εὕροι
1668 2297 1720 2325 τις
1744 2280 1784 2319 ἂν
1806 2279 2008 2335 μαρτυρίας.
2028 2281 2167 2319 Μαιάν-

1138 2342 1230 2395 δριος
1253 2345 1335 2393 γοῦν
1367 2342 1407 2378 ἐκ
1434 2342 1503 2378 τῶν
1524 2339 1755 2394 Λευκοσύρων
1783 2340 1868 2393 φησὶ
1896 2339 1975 2383 τοὺς
2006 2338 2167 2382 Ἐνετοὺς

1136 2399 1352 2454 ὁρμηθέντας
1372 2402 1610 2452 συμμαχῆσαι
1632 2405 1702 2442 τοῖς
1723 2399 1877 2454 Τρωσίν.
1899 2398 2047 2436 Deinde
2076 2412 2165 2449 per-

1174 2565 1327 2605 censent,
1345 2564 1452 2605 inquit
1470 2563 1685 2605 Apollodorus
1694 2588 1702 2603 ,
1716 2564 1826 2597 Hellos
1839 2563 1889 2596 vel
1903 2562 2001 2595 Sellos
2012 2570 2030 2593 a
2042 2561 2164 2602 paludi-

1132 2611 1195 2643 bus
1208 2610 1294 2651 (hele
1305 2610 1428 2642 Graecis
1441 2610 1504 2642 hoo
1521 2611 1593 2651 est),
1606 2619 1680 2651 quae
1693 2612 1770 2643 sunt
1782 2611 1866 2642 cirea
1877 2609 2075 2641 Dodonaeum
2087 2609 2165 2640 tem-

1131 2657 1243 2699 plum,
1265 2658 1314 2690 sic
1332 2657 1459 2697 dict0s;
1479 2657 1549 2698 ipse
1569 2658 1701 2698 quidem
1723 2659 1849 2699 poetam
1869 2665 1932 2688 non
1956 2655 2084 2694 Hellos,
2106 2655 2162 2686 sed

1132 2704 1234 2737 Sellos
1258 2713 1376 2736 vocare
1397 2704 1508 2746 templi
1527 2705 1652 2737 accolas
1674 2705 1858 2742 existimat,
1883 2701 2036 2741 additque
2061 2701 2164 2733 nomi-

1132 2752 1202 2784 nari
1231 2751 1272 2784 ab
1303 2754 1444 2784 Homero
1475 2751 1571 2783 etiam
1603 2752 1739 2783 fluvium
1766 2749 1925 2791 quendam
1956 2748 2159 2781 Selleentem.

1132 2801 1237 2837 Quem
1253 2798 1385 2839 quidem
1404 2798 1466 2829 hoc
1482 2807 1579 2829 versu
1595 2801 1688 2838 poeta
1706 2797 1852 2829 nominat
1869 2805 1877 2826 :

1218 2847 1261 2874 Ex
1281 2847 1404 2885 Ephyra
1422 2845 1533 2884 procul
1552 2845 1643 2883 hinc,
1661 2845 1700 2874 ad
1717 2845 1830 2874 flumen
1849 2843 2045 2874 Selleentcm.

1132 2893 1315 2926 Demetrius
1328 2893 1476 2933 Scepsius
1491 2900 1570 2923 vero
1586 2900 1651 2923 non
1663 2892 1736 2923 vult
1752 2890 1887 2930 intelligi
1903 2890 2068 2930 Ephyram
2084 2889 2164 2921 The·

1133 2940 1264 2981 sprotiae
1276 2963 1284 2978 ‚
1314 2939 1369 2971 sed
1388 2947 1459 2971 eam
1475 2947 1549 2978 quae
1574 2939 1624 2970 est
1647 2937 1733 2979 apud
1751 2937 1846 2969 Eleos
1868 2936 1952 2968 intra
1969 2935 2165 2977 Peloponne-

1133 2994 1207 3018 sum
1222 2985 1402 3017 habitantes
1418 2995 1425 3016 :
1440 2985 1485 3016 ibi
1500 2985 1585 3016 enim
1608 2993 1679 3016 esse
1704 2984 1737 3015 id
1751 2983 1894 3015 nominis
1911 2982 2048 3014 fluvium
2062 3005 2072 3022 ,
2093 2982 2164 3014 nul-

1131 3034 1201 3066 lum
1223 3041 1300 3065 vero
1316 3032 1402 3073 apud
1419 3033 1616 3073 Thesprotos
1627 3055 1637 3072 ,
1655 3040 1760 3072 neque
1779 3030 1865 3073 apud
1883 3030 2054 3063 Molossos.

1259 3121 1542 3152 TROJANARUM
1568 3121 1787 3152 COPIARUM
1810 3118 2039 3152 REGENSUS.

1176 3215 1297 3247 Contra
1327 3213 1557 3254 Apollodorum
1581 3213 1622 3245 de
1646 3213 1762 3246 iisdem
1785 3213 1820 3246 in
1845 3213 1976 3253 Trojani
1999 3213 2161 3246 exercitus

1132 3261 1317 3293 recensione
1334 3261 1545 3293 disserentem
1556 3284 1565 3299 ‚
1584 3260 1644 3293 etsi
1660 3261 1727 3301 jam
1750 3260 1854 3293 multa
1870 3260 2014 3292 diximus
2026 3284 2035 3300 ,
2052 3264 2161 3294 tamen

1132 3309 1230 3341 etiam
1247 3318 1334 3341 nune
1345 3308 1517 3340 dicendum
1533 3310 1593 3341 est.
1619 3310 1684 3341 Nec
1698 3308 1784 3341 enim
1806 3310 1899 3350 putat
1907 3307 2077 3341 Halizonas
2092 3317 2163 3341 esse

1102 3371 1106 3398 l
1132 3357 1225 3387 extra
1246 3356 1352 3396 Halyn
1375 3355 1597 3396 intelligendos
1622 3365 1630 3386 :
1653 3355 1741 3387 nulla
1761 3355 1848 3387 enim
1870 3355 1992 3387 auxilia
2013 3354 2166 3396 Trojanis

1100 3406 1107 3427 ¹
1133 3402 1260 3434 venisse
1276 3411 1313 3435 ex
1331 3402 1391 3442 iiS,
1407 3411 1481 3442 quae
1498 3404 1573 3435 sunt
1588 3404 1678 3435 trans
1696 3403 1820 3444 Halyn,
1835 3402 2034 3443 regionibus.
