2320 3684
168 185 244 219 356

225 324 426 363 Athenaeus
447 326 550 370 XIV,
573 328 635 370 44,
652 322 795 373 11639,
809 323 867 359 D:
886 321 984 359 Κῶοι
1003 320 1040 360 δὲ
1025 322 1194 360 τοῦναν-

167 382 241 422 τίον
260 383 405 437 δρῶσιν,
427 385 474 426 ὡς
488 383 618 434 ἱστορεῖ
637 377 857 433 Μακαρευς’
842 395 877 417 εν
895 379 1002 433 τρίτῳ
1019 381 1192 419 Κωακῶν.

167 439 284 480 ‘'Oa-av
311 442 378 493 γὰρ
403 442 446 492 τῇ
464 438 563 492 ’Ἥρα
591 436 720 486 θύωσι,
748 437 864 475 δοῦλοι
883 438 922 475 οὔ
941 437 1193 491 παραγίνονται

167 498 225 537 ἐπὶ
244 498 308 546 τὴν
328 498 491 551 εὐωχίαν.
509 497 573 536 Διὸ
591 496 651 535 καὶ
672 495 865 549 Φύλαρχον
883 496 1070 550 εἰρηκέναι.

249 570 389 612 Νισύριοι
411 571 517 609 μοῦνοι
535 567 589 608 μὲν
603 567 752 609 ἐλεύθεροι
765 567 911 609 ἱεροεργοὶ

250 615 376 658 ἀνδράσι
399 615 473 657 πρὸς
489 615 651 653 κείνοισιν,
667 614 821 656 ἐλεύθερον
837 613 920 656 ἆμαρ
935 613 1056 655 ἔχοντες
1067 623 1074 630 ·

251 663 368 695 δούλων
390 663 417 694 δ’
432 662 514 698 οὔτις
530 660 660 702 πάμπαν
677 660 835 703 ἐσέρχεται
850 661 914 693 οὐδ’
926 661 1048 700 ἠὸαιόν.

218 726 296 760 Aut
316 721 412 759 alius
437 720 595 758 omnino
615 720 864 770 Phylarchus,
891 728 1029 772 poeta,
1049 720 1192 758 intelli-

167 780 315 832 gendus
335 787 412 827 est,
432 787 498 817 aut
518 779 785 827 statuendum,
805 780 1060 830 Phylarchum
1076 780 1194 817 histo·

167 840 289 876 ricum
319 851 453 876 versus
478 838 573 875 istos
592 851 638 876 cx
666 847 780 889 poeta
801 839 970 876 historiis
990 839 1067 876 suis
1087 839 1190 876 inse-

165 898 298 935 ruisse.
328 895 490 950 Νισύριοι
510 910 532 934 e
553 895 776 947 conjectura
794 896 902 935 dedit
925 897 1193 948 Dalecampius

165 968 237 1006 pro
261 954 410 1009 σουρίηι.
428 954 693 994 Villebrunius
706 955 803 994 hanc
818 955 1042 1007 propinavit
1056 969 1188 994 emen-

164 1014 358 1052 dationem
374 1028 383 1051 ε

246 1084 403 1127 Νισυρίοις
421 1087 529 1126 μοῦνοι
544 1085 598 1126 μὲν
613 1084 762 1126 ἐλεύθεροι
778 1086 924 1127 ἱεροεργοὶ
935 1109 944 1126 ,
987 1069 1004 1077 ..

245 1131 395 1174 κάνδράσι
415 1132 490 1174 πρὸς
506 1130 652 1164 κείνοισιν
669 1131 824 1174 ἐλεύθερον
837 1131 921 1175 ἆμαρ
937 1132 1069 1174 ἔχοντες.

215 1196 377 1244 Eadem,
395 1197 545 1235 omissis
572 1196 748 1234 versibus
760 1226 770 1244 ‚
790 1210 838 1235 ex
856 1197 990 1236 eodem
1013 1201 1193 1236 Macareo

162 1264 366 1294 narrantur
385 1257 457 1304 Vl,
475 1256 538 1305 81,
552 1269 590 1306 p.
612 1255 701 1293 262.

650 1313 713 1352 76.

215 1378 344 1418 Schol.
373 1378 414 1416 in
443 1378 645 1429 Sophoclis
674 1378 814 1429 OEdip.
841 1379 977 1416 Colon.
1013 1380 1086 1430 39:
1107 1377 1192 1417 Φύ-

161 1435 293 1491 λαρχός
311 1452 398 1491 φησι
418 1435 479 1474 δύο
499 1436 605 1480 αὐτὰς
624 1435 698 1487 (τὰς
727 1436 935 1487 Εὐμενίδας)
955 1440 1065 1485 εἶναι,
1083 1436 1128 1475 τά
1154 1452 1191 1474 τε

162 1495 348 1543 Αθήνησιν
376 1495 566 1547 ἀγάλματα
594 1494 673 1534 δύο·
704 1494 879 1546 Πολέμων
907 1495 943 1534 δὲ
972 1501 1063 1550 τρεῖς
1083 1495 1192 1540 αὐτάς

161 1569 259 1607 φησι.

649 1611 710 1651 77.

213 1677 523 1728 Etymologicum
541 1679 596 1714 Μ.
615 1690 644 1714 5.
663 1690 699 1713 v.
717 1675 927 1716 Φυλάσιοι;
948 1675 1140 1726 Φυλάσιοι,
1157 1678 1190 1716 οἱ

90 1733 93 1737 ’
159 1753 199 1775 εκ
215 1740 277 1775 τοῦ
298 1736 411 1788 δημου
429 1739 492 1783 τ’ἦς
521 1738 663 1783 Φυλῆς·
685 1736 791 1784 Φυλὴ
811 1737 878 1791 γὰρ
900 1738 1009 1788 δῆμος
1027 1754 1090 1785 της
1119 1739 1190 1777 Οἷ-

158 1791 294 1843 νηιδος·
324 1799 343 1835 6
369 1794 405 1834 δὲ
434 1794 636 1848 Μένανδρος
654 1794 762 1834 τόπον
780 1795 915 1847 νομίζει
933 1800 1022 1835 εἰναι
1041 1795 1187 1843 Φυλήν·

157 1857 176 1892 6
196 1855 232 1892 δὲ
249 1854 432 1908 Φίλαρχος
450 1853 609 1908 φρούριον
631 1853 716 1892 αὐτό
735 1869 840 1908 φησιν
859 1848 959 1893 ειναι.

211 1914 393 1952 Dubitari
422 1927 498 1951 non
530 1922 678 1964 potest,
696 1914 790 1964 quin
807 1914 880 1951 hoc
900 1914 987 1952 loco
1014 1914 1188 1952 scriben-

158 1972 250 2010 dum
271 1973 343 2010 sit:
365 1971 563 2025 Φιλόχορος
579 1985 652 2023 pro
673 1971 866 2026 Φίλαρχος.
887 1973 1005 2024 Apud
1027 1977 1185 2024 Harpo-

159 2032 368 2069 orationem
388 2032 510 2079 enim,
530 2045 578 2069 ex
601 2044 679 2082 quo
705 2035 832 2082 Etym.
854 2035 907 2069 M.
936 2040 1071 2070 auctor
1088 2032 1187 2070 hau-

158 2089 226 2137 sit,
246 2090 428 2140 leguntur
458 2089 569 2127 haec:
593 2087 719 2137 Φυλὴ,
741 2088 982 2143 Ἰσοκράτης’
966 2105 1002 2127 εν
1027 2091 1078 2142 τῷ
1106 2089 1185 2144 περὶ

156 2162 219 2193 της
237 2145 387 2200 εἰρήνης.
412 2146 518 2194 Φυλὴ
539 2147 681 2198 δημός’
666 2146 740 2185 εστὶ
761 2149 825 2193 τῆς
843 2144 1024 2194 Οἷνηίδος·
1045 2146 1186 2186 Μεναν-

158 2205 236 2258 δρος
255 2204 292 2243 δὲ
311 2204 480 2258 Δυσκόλῳ
495 2208 557 2253 τῆς
571 2206 727 2252 Ἀττικῆς
740 2205 874 2256 νομίζει
892 2209 981 2244 εἶναι
998 2205 1103 2245 τόπον
1120 2205 1184 2254 τὴν

157 2263 297 2314 Φυλὴν,
325 2263 484 2337 λέγων’.
490 2263 740 2326 ,Φιλόχορος
767 2264 797 2302 δ’
817 2265 852 2303 ἐν
871 2263 1012 2318 ἑὸδόμῳ
1036 2265 1187 2309 Ἀτθίδος

159 2321 322 2376 φρούριον
346 2321 432 2361 αυτό
451 2338 556 2376 φησιν
577 2326 678 2362 εἶναι.

211 2443 446 2492 Interpretes
474 2440 627 2491 Virgilii
656 2454 676 2478 a
708 2439 814 2492 Majo
837 2440 929 2478 editi
954 2440 1003 2478 ad
1032 2441 1184 2479 AEneid.

158 2502 224 2548 IV,
262 2501 390 2544 146:«
406 2499 572 2539 Scaurus
593 2514 600 2536 :
623 2501 756 2537 Cretes
781 2499 873 2550 quia
901 2512 1086 2550 responso
1116 2513 1184 2538 ac-

158 2567 273 2611 cepto
301 2571 351 2596 ex
372 2558 497 2596 insula
521 2560 636 2596 Creta
661 2556 877 2608 profecti
902 2565 940 2595 et
963 2557 1101 2596 ducem
1124 2572 1187 2596 se-

158 2618 237 2656 cuti
259 2617 452 2668 Delphum
469 2616 679 2655 Phocidam
698 2616 864 2654 tenuisse
893 2617 1088 2665 dicuntur,
1123 2625 1185 2654 at-

198 2779 258 2812 coi
300 2779 499 2811 contrarium
523 2778 669 2818 faciunt,
698 2780 736 2810 ut
771 2779 881 2810 narrat
918 2779 1085 2810 Macareus
1124 2780 1187 2810 ter-

158 2826 204 2858 tio
218 2825 300 2858 libro
324 2828 444 2859 Rerum
467 2827 660 2859 coacerum.
685 2826 786 2866 Nam,
804 2825 935 2866 quando
953 2825 1075 2858 Junoni
1095 2833 1186 2856 sacra

158 2873 293 2912 faciunt,
309 2873 413 2905 servis
427 2881 492 2905 non
507 2872 585 2905 licet
599 2872 641 2905 ad
655 2871 767 2914 epulas
777 2872 929 2906 accedere
946 2882 955 2905 ε
970 2879 1070 2914 quare
1085 2872 1184 2906 etiam

158 2920 384 2961 Phylei-chum,
401 2920 458 2961 ait,
476 2919 598 2952 dixisse
617 2928 625 2951 :

220 2967 333 3005 Nisyrii
349 2968 407 2997 soli
421 2966 550 3007 quidem
563 2966 656 2998 liberi
672 2966 767 2997 sacris
784 2972 955 3007 operantur

220 3013 305 3053 apud
318 3014 387 3043 illos
403 3015 544 3044 homines
560 3023 568 3046 ε
587 3014 659 3055 soli,
675 3016 813 3054 inquam,
829 3014 920 3044 liberi
939 3022 948 3045 Ζ

221 3070 380 3090 servorum
395 3072 471 3092 vero
483 3062 588 3091 nullus
602 3061 778 3102 ingreditur
788 3084 798 3101 ,
813 3071 852 3091 ne
870 3060 1031 3091 minimum
1045 3060 1183 3101 quidem.

201 3152 398 3192 Phylarchus
418 3154 464 3187 ait
480 3155 562 3188 duas
575 3164 646 3188 esse
661 3155 790 3195 Furias,
805 3155 935 3196 duoque
953 3154 1089 3188 Athenis
1099 3162 1186 3196 repe·

161 3198 217 3229 riri
233 3207 343 3231 earum
360 3200 543 3241 simulacra;
560 3202 692 3234 Polemo
708 3211 784 3235 vero
799 3211 854 3235 eas
866 3211 939 3235 esse
960 3205 1026 3235 tres
1041 3201 1133 3234 dicit.

203 3291 368 3331 Phylasii,
395 3293 505 3333 Phylae
529 3295 601 3335 pagi
626 3295 768 3328 incolae:
786 3296 886 3337 Phyle
906 3297 993 3329 enim
1019 3304 1121 3337 pagus
1137 3296 1187 3328 est

161 3337 310 3371 OEneidis
340 3339 453 3371 tribus.
481 3342 653 3374 Menander
678 3343 801 3384 Phylen
829 3352 902 3376 esse
927 3344 1038 3376 vicum
1066 3343 1183 3384 putat,
1211 3345 1220 3427 Ι

162 3384 351 3418 Philaichus
368 3385 454 3427 [leae
470 3387 693 3423 Philochorus]
723 3389 890 3423 castellum
909 3399 980 3424 esse
994 3390 1085 3423 dicit.

892 177 1064 217 PHYLA
1071 177 1192 218 RCHI
1221 178 1551 220 FRAGMENTA.

1245 278 1320 316 que
1332 265 1382 304 ab
1407 279 1455 304 eo
1480 280 1520 305 se
1539 266 1711 318 Delphos
1724 268 1953 316 nominasse,
1974 278 2017 307 ut
2037 271 2230 314 Phalam..
2233 290 2269 312 ,ιι

1298 327 1398 363 Num
1429 325 1502 363 hoc
1531 325 1616 364 loco
1652 326 1896 364 scribendum
1931 328 1980 365 sit
2017 330 2271 381 Phylarchus,

1246 390 1289 419 ut
1306 382 1491 421 Luchtius
1504 391 1635 434 putat,
1653 383 1862 422 admodum
1874 384 2036 424 dubium
2061 396 2131 426 est.
2149 389 2274 440 Majus

1247 441 1468 492 proposuit:
1488 443 1732 488 Phalarchus,
1753 444 1996 491 Phylarchus,
2026 449 2270 486 Alexarchus.

1661 517 1875 532 &ooo-—

1394 567 1702 605 FRAGMENTA
1732 568 2122 608 MYTHOLOGICA.

1299 682 1453 722 Scholia
1471 682 1511 720 in
1527 682 1618 720 AElii
1636 682 1812 721 Aristidis
1831 685 1997 722 oration.
2018 698 2056 736 p.
2081 686 2153 724 103
2179 686 2272 726 edit.

1247 741 1449 781 Frommel.
1464 756 1473 779 ε
1490 741 1558 780 Διὰ
1585 740 1625 779 τὸ
1649 741 1853 780 Παλλάδιόν
1868 757 1954 796 φησι
1972 742 2012 782 τὸ
2031 743 2101 783 ἀπὸ
2122 745 2252 798 Τροίας
2264 761 2272 770 ·

1247 804 1265 839 6
1283 798 1351 853 γὰρ
1379 799 1582 853 Δημόφιλος
1609 798 1707 854 παρὰ
1737 799 1933 852 Διομήδους
1961 801 2123 856 ἁρπάσας
2143 804 2193 848 εἷς
2209 803 2274 852 τὴν

1246 858 1347 897 πόλιν
1363 857 1512 910 ἤγαγεν·
1533 858 1698 910 σημαίνει
1716 858 1850 903 Λυσίας
1874 861 1910 898 ἐν
1935 863 1986 914 τῷ
2006 860 2093 915 ὑπὲρ
2119 862 2274 916 Σωκρά-

1246 931 1325 960 τους
1341 916 1427 971 πρὸς
1444 917 1679 969 Πολυκράτην
1692 917 1787 971 λόγῳ
1798 933 1807 942 ·
1827 917 1923 970 λέγοι
1940 920 1969 958 δ’
1983 918 2024 958 ἃν
2041 920 2101 959 καὶ
2117 921 2198 975 περὶ
2214 920 2276 960 ἄλ-

1246 977 1316 1014 λων
1330 977 1470 1014 πολλῶν
1491 975 1719 1026 Παλλαδίων,
1737 979 1838 1015 τοῧτε
1855 977 2116 1030 καταλυόμενον
2139 978 2199 1018 τὸν
2216 980 2277 1018 αὖ·

1246 1033 1395 1087 τόχθονα
1423 1034 1484 1072 καὶ
1515 1036 1585 1073 τῶν
1611 1034 1692 1088 περὶ
1724 1037 1925 1090 αὖτεφυρῶν
1959 1037 2199 1089 καλουμένων,
2230 1040 2278 1082 ὡς

1247 1093 1452 1148 Φερεκύδης
1466 1093 1526 1131 καὶ
1540 1093 1743 1146 Ἀντίοχος*
1734 1098 1932 1148 ιστοροῦσι,
1949 1095 2009 1134 καὶ
2034 1099 2104 1135 τῶν
2123 1113 2277 1145 κατενη-

1246 1152 1421 1205 νεγμένων
1453 1153 1489 1190 ἐν
1518 1154 1563 1205 τῇ
1598 1153 1778 1205 Γιγάντων
1800 1154 1920 1207 μάχῃ,
1946 1156 1993 1199 ὣς
2020 1156 2055 1194 ἓν
2074 1156 2242 1211 ἀγράφοις
2259 1159 2279 1196 ὃ

1247 1210 1439 1266 Φύλαρχός
1467 1226 1565 1307 (pv-§u
1596 1211 1797 1250 Παλλάδιον
1824 1211 1861 1250 δὲ
1883 1212 2045 1265 ἐκάλουν,
2064 1214 2156 1253 καθὰ
2183 1215 2278 1261 λέγει

1246 1268 1514 1323 Φερεκύδης,τ
1577 1267 1777 1321 βαλλόμενα
1799 1271 1847 1314 εἷς
1876 1286 1942 1323 γην
1972 1273 2012 1310 ἐκ
2041 1275 2103 1311 τοῦ
2131 1274 2278 1327 οὐρανοῦ

1247 1327 1454 1380 ἀγάλματα·
1474 1326 1622 1366 πάλλειν
1638 1328 1719 1382 γὰρ,
1737 1328 1843 1382 φησὶ,
1868 1328 1908 1368 τὸ
1930 1330 2070 1397 βάλλειν
2090 1329 2222 1384 ἔλεγον.

1299 1387 1355 1425 Ad
1380 1387 1461 1425 haec
1490 1387 1659 1425 Lucht..
1678 1391 1770 1427 «Ne
1797 1389 2087 1440 corruptissime
2105 1390 2279 1430 exhibita

1246 1449 1457 1487 scholiastae
1473 1448 1592 1486 verba
1611 1449 1755 1486 intacta
1775 1450 2007 1500 relinquam,
2020 1450 2120 1489 addo
2137 1465 2158 1490 e
2179 1456 2278 1491 Pau-

1245 1521 1324 1545 san.
1339 1511 1378 1555 Ι,
1395 1521 1434 1558 p.
1456 1507 1503 1545 53
1522 1507 1579 1546 ed.
1589 1508 1761 1546 Wechel.
1778 1521 1851 1559 pro
1863 1507 2064 1562 Δημόφιλος
2082 1523 2278 1562 reponen-

1245 1565 1335 1604 dum
1351 1579 1431 1604 esse
1444 1567 1635 1619 Δημοφῶν.
1649 1566 1703 1605 Cf.
1723 1569 1953 1618 Harpocrat.
1971 1581 2000 1606 s.
2017 1583 2054 1608 v.
2067 1567 2153 1608 ἘπὶΙ
2170 1570 2278 1609 Παλ-

1243 1625 1368 1678 λαδίῳ.
1398 1629 1490 1674 Quae
1520 1634 1732 1676 sequuntur
1759 1625 2011 1665 difficiliorem
2032 1628 2189 1679 quidem
2209 1628 2280 1666 ha-

1243 1683 1335 1723 bent
1350 1684 1668 1730 emendationem,
1680 1685 1746 1723 sed
1761 1685 1882 1723 facem
1898 1686 2108 1737 praeferunt
2120 1687 2278 1727 Servius

1243 1742 1289 1780 ad
1307 1742 1603 1793 VirgiLAEneid.
1621 1746 1677 1791 Π,
1697 1744 1769 1780 661
1787 1746 1946 1782 :Dicunt
1955 1758 2048 1782 sane
2062 1748 2143 1791 alii,
2163 1759 2276 1783 unum

1242 1799 1480 1833 simulacrum
1497 1798 1587 1833 coelo
1607 1798 1772 1845 lapsum,
1793 1799 1892 1845 quod
1918 1797 2074 1835 nubibus
2092 1800 2276 1836 advectum

1241 1863 1277 1892 et
1297 1859 1334 1891 in
1340 1863 1456 1905 ponte
1471 1856 1670 1903 depositum
1690 1857 1796 1904 apud
1804 1856 1973 1893 Athenas
1987 1865 2131 1894 tantum
2142 1855 2276 1906 ficisse,

1242 1915 1339 1950 unde
1369 1922 1408 1951 et
1431 1911 1642 1966 γεφυριστὴς
1672 1913 1770 1964 (lege
1789 1919 2001 1968 τγεφυρῖτις.
2021 1917 2069 1952 G.
2095 1915 2274 1954 Dindorf.

1240 1971 1280 2009 in
1309 1972 1480 2010 editione
1499 1971 1667 2008 Parisina
1690 1971 1878 2010 Thesauri
1902 1972 2153 2024 Stephaniani
2178 1986 2275 2011 con-

1235 2028 1330 2080 jecit
1347 2028 1510 2084 γεφυρίς)
1524 2031 1620 2067 dicta
1639 2039 1694 2067 est
1713 2032 1845 2068 Pallas
1851 2045 1866 2077 ‚·
1884 2040 1922 2069 et
1938 2033 2173 2083 Interpretes
2186 2032 2277 2072 Vir—

1241 2088 1369 2139 giliani
1404 2101 1426 2126 a
1460 2087 1568 2139 Majo
1603 2088 1694 2126 editi
1723 2089 1774 2126 ad
1811 2089 1974 2128 eundem
2001 2091 2129 2129 locum
2156 2105 2166 2128 ε
2194 2093 2277 2128 Duo

1239 2149 1417 2185 Palladia
1443 2149 1641 2185 traduntur
1668 2152 1864 2194 exstitisse,
1888 2151 2044 2186 alterum
2077 2153 2114 2186 in
2139 2151 2278 2188 Attices

1239 2211 1406 2257 regione,
1437 2208 1592 2243 alterum
1623 2211 1659 2243 in
1696 2209 1838 2244 Troade
1845 2222 1860 2253 ;
1895 2217 2009 2257 atque
2037 2210 2151 2254 illud,
2180 2210 2280 2258 quod

1240 2266 1394 2302 Athenis
1412 2274 1593 2315 repertum
1613 2274 1690 2312 est,
1700 2270 1812 2315 ponti
1837 2269 2041 2316 inlapsum,
2065 2269 2162 2304 unde
2175 2269 2280 2317 apud

1241 2327 1319 2361 illos
1348 2333 1400 2362 tu.
1417 2353 1425 2362 .
1443 2353 1451 2362 .
1495 2323 1605 2377 (lege
1623 2324 1718 2376 ficit)
1746 2330 1922 2378 γεφυρῖτις
1951 2324 2090 2373 Ἀθηνᾶ.
2122 2328 2204 2363 Ala·
2224 2330 2276 2363 sic

1240 2386 1476 2428 existimant,
1498 2385 1598 2432 quod
1610 2383 1676 2420 hoc
1707 2396 1757 2420 ex
1771 2384 2029 2421 Samothracia
2054 2387 2092 2420 in
2125 2385 2273 2431 ijam

1240 2443 1445 2478 Dardanus
1465 2444 1691 2479 transtulit...
1712 2445 1874 2493 megalos
1897 2451 2032 2479 vocant
2043 2441 2160 2494 (legez
2178 2443 2278 2491 quod

1244 2498 1399 2551 μεγάλης
1411 2509 1559 2546 vocant,
1582 2513 1603 2538 e
1620 2500 1781 2550 Dionys.
1800 2501 1887 2540 Hal.
1900 2504 1919 2539 I
1930 2530 1941 2550 ,
1958 2506 2006 2545 42
2026 2509 2065 2538 et
2083 2502 2147 2549 43,
2161 2514 2200 2551 p.
2225 2500 2272 2538 55

1243 2558 1303 2596 ed.
1327 2557 1461 2610 Sylb.).
1480 2562 1601 2609 Legas
1620 2559 1739 2610 igitur
1758 2574 1767 2596 :
1795 2561 1857 2597 τοῦ
1882 2574 1920 2598 τε
1945 2558 2022 2598 κατ’
2036 2559 2181 2612 οὐρανοῦ
2203 2573 2275 2597 πε-

1245 2616 1364 2661 σόντος
1392 2619 1439 2661 εἷς
1463 2617 1586 2665 Ἀκτὴν
1604 2617 1713 2670 χθόνα
1731 2618 1791 2657 καί
1821 2634 1895 2662 πως
1912 2617 2010 2673 παρὰ
2035 2619 2194 2672 γεφυρῶν
2210 2633 2275 2657 κα-

1390 2727 1711 2767 FRAGMENTA
1739 2727 2130 2768 MYTHOLOGICA.

1731 2836 1791 2869 79.

1288 2920 1348 2951 Per
1372 2918 1552 2951 Palladium
1571 2918 1721 2959 intelligit
1744 2918 1921 2958 Trojanum
1947 2918 2033 2950 :hoc
2045 2917 2132 2950 enim
2153 2920 2270 2951 Demo·

1247 2965 1334 3007 phou
1349 2965 1498 2998 Diomedi
1522 2966 1640 3008 eripuit
1665 2968 1698 2998 et
1722 2965 1755 2996 in
1772 2965 1884 2997 urbem
1905 2965 2139 3006 transportavit
2156 2975 2164 2997 :
2185 2964 2272 3007 quod

1247 3012 1353 3044 innuit
1367 3012 1482 3053 Lysias
1495 3013 1529 3044 in
1544 3012 1687 3045 oratione
1702 3021 1761 3054 pro
1780 3014 1911 3044 socrate
1932 3014 2045 3044 contra
2058 3012 2272 3053 Polycratem.

1247 3059 1371 3092 Dixerit
1384 3059 1483 3092 etiam
1501 3059 1541 3092 de
1555 3059 1666 3091 multis
1680 3059 1752 3091 aliis
1767 3058 1929 3098 Palladiis,
1948 3058 1990 3091 de
2005 3067 2061 3099 ec,
2083 3059 2172 3100 quod
2189 3059 2275 3091 Alca-

1246 3114 1357 3139 menes
1372 3106 1570 3138 autochthon
1584 3105 1798 3142 consecravit,
1813 3105 1918 3146 deque
1930 3105 1995 3138 illis
2005 3114 2079 3146 quae
2091 3114 2110 3138 a
2122 3105 2274 3147 pontibus

1246 3161 1365 3186 nomen
1378 3153 1583 3192 invenerunt,
1601 3155 1638 3185 ut
1654 3152 1854 3193 Pherecydes
1881 3154 1914 3185 et
1933 3153 2114 3186 Antiochus
2129 3154 2272 3192 narrant,

1245 3203 1278 3234 et
1292 3200 1334 3233 de
1347 3200 1386 3233 iis
1401 3209 1474 3241 quae
1486 3200 1521 3232 in
1539 3199 1713 3240 Gigantum
1736 3208 1842 3240 pugna
1862 3199 1903 3232 de
1922 3199 2004 3232 coelo
2018 3199 2157 3232 demissa
2171 3198 2250 3232 sunt
2260 3220 2277 3239 ,

1245 3248 1283 3280 ut
1299 3246 1497 3288 Phylarchus
1518 3246 1554 3278 in
1574 3245 1656 3278 libro
1676 3246 1716 3278 de
1730 3246 1854 3287 legibus
1870 3255 1935 3278 non
1956 3246 2157 3288 perscriptis.
2171 3243 2272 3278 Palla-

1245 3295 1300 3327 dia
1314 3293 1473 3326 vocabant
1488 3293 1668 3326 secundum
1682 3293 1900 3334 Pherecydem
1922 3292 2094 3326 simulacra
2117 3291 2157 3325 de
2190 3290 2273 3324 ooelo

1245 3342 1279 3374 in
1300 3342 1418 3374 terram
1435 3340 1525 3382 lapsa
1544 3349 1552 3371 :
1567 3340 1692 3373 πάλλειν
1705 3340 1793 3372 enim
1822 3349 1880 3382 pro
1904 3340 2024 3382 βάλλειν
2039 3339 2168 3382 (jacere)
2183 3338 2270 3373 dico-

1245 3388 1334 3422 bant.
