2320 3684
135 199 209 232 376

133 285 283 333 ραννεῖν,
317 279 376 317 καὶ
409 278 598 325 Ἀθηναίοις
626 275 856 328 ἀμυνομένοις
882 276 984 316 αὐτὸν
1015 275 1168 328 πόλεμος

133 337 295 385 συνέστη.
330 336 559 387 ..Μέμνηται
584 335 620 373 δὲ
640 333 763 373 τούτου
795 334 855 372 καὶ
876 335 1080 389 Ἀνδροτίων
1108 335 1168 374 καὶ

138 368 381 450 Ἀριστοτέλης
409 397 444 433 ἐν
470 393 661 441 Ἀθηναίων
681 392 851 446 πολιτεία.

190 513 315 551 Schol.
336 512 446 549 Arist.
477 514 589 562 Vesp.
625 517 727 560 94ιε
742 508 960 557 Θουκυδίδης
987 509 1166 557 Μιλησίου

135 572 206 615 υἱὸς
224 571 390 623 Περικλεῖ
410 567 827 619 ἀντιπολιτευσοίμενος...
833 566 1063 619 Θεόπομπος
1080 567 1168 620 μέν-

134 645 207 678 τοι,
231 632 277 667 8‘
269 627 462 681 ιστορικὸς,
488 627 545 666 τὸν
566 626 767 666 Πανταίνου
795 642 899 681 φησιν
932 626 1171 666 ἀντιπολιτεύ-

143 691 270 727 σασθαι
288 688 475 740 Περικλεῖ,
493 686 571 725 ἀλλ’
588 687 651 724 οὐκ
671 686 887 740 Ἀνδροτίων,
916 684 1007 724 ἀλλὰ
1024 686 1084 724 καὶ
1102 688 1168 724 αὐ-

136 746 193 790 τὸς
207 746 265 784 τὸν
285 745 478 792 Μιλησίου.
502 746 562 784 Cf.
584 745 826 797 Theopomp.
848 745 892 782 fr.
912 747 976 795 98.

191 863 397 902 Marcellin.
412 866 469 901 De
493 864 571 901 vita
584 864 703 902 Thuc.
719 876 756 914 p.
773 863 952 901 5Duker.
974 870 1048 900 tres
1064 864 1169 902 Thu-

139 922 297 972 cydides
309 922 456 971 laudat,
477 930 558 959 tum
573 921 700 960 addit:
714 920 889 975 Ἱέταρτος
908 920 1012 965 ἄλλος
1027 922 1171 961 Θουκυ-

139 981 251 1029 δίδης,
270 952 456 1028 ποιητὴς,,
462 980 520 1020 τὸν
542 981 651 1032 δῆμον
664 976 976 1042 Ἀχερδούσιος·οὸ
994 980 1170 1032 μέμνηται

139 1039 381 1093 Ἀνδροτίων’
365 1055 401 1078 εν
420 1041 464 1092 τῇ
494 1039 643 1086 Ἀτθίδι,
663 1039 775 1090 λέγων
801 1043 889 1078 εἰναι
927 1039 1057 1093 πατρὸς
1077 1040 1172 1094 Ἀρί-

140 1113 282 1142 στωνος.

622 1159 687 1203 45.

195 1217 322 1254 Sehol.
341 1217 524 1267 Sophocl.
548 1217 643 1255 OEd.
666 1217 745 1255 Col.
767 1217 876 1266 697:
900 1215 1173 1268 Λακεδαιμόνιοι

142 1273 354 1326 ἐμὸαλόντες
381 1276 416 1313 ἓν
441 1278 485 1326 τῇ
513 1274 651 1328 Ἀττικῇ
673 1274 758 1314 δέκα
778 1274 924 1328 μυριάσι
942 1276 1174 1322 Πελοποννη-

143 1334 227 1372 σίων
247 1333 307 1372 καὶ
325 1335 502 1383 Βοιωτῶν,
526 1334 660 1386 ἡγουμε
661 1350 720 1372 νου
739 1334 953 1407 Ἀρχιδάμου
971 1337 1031 1372 τοῦ
1050 1333 1173 1378 Ζευξι-

143 1391 256 1443 δάμου
276 1393 564 1444 Λακεδαιμονίων
585 1392 775 1445 βασιλέως,
796 1392 993 1445 ἀπέσχοντο
1012 1394 1083 1431 τῶν
1112 1393 1174 1430 λε-

143 1450 302 1503 γομένων
321 1451 451 1505 μορίοιν
477 1451 678 1500 Ἀθηνᾶς,
659 1467 704 1495 ως
722 1452 781 1490 καὶ
803 1451 1008 1505 Ἀνδροτίων
1027 1451 1125 1504 φησί.

199 1570 325 1608 Schol.
346 1570 457 1607 Arist.
475 1569 578 1608 Nub.
607 1570 683 1619 549
700 1582 807 1619 sqq.:
834 1568 1038 1623 Ανδροτίων
1070 1570 1175 1624 φησὶν

146 1627 249 1667 αὑτὸν
289 1626 468 1679 (Κλέωνα)
499 1627 557 1666 ἐπὶ
597 1627 759 1666 Ἀλκαίου
793 1627 966 1666 τεθνάναι.
995 1628 1175 1667 ...Κλέων

147 1686 390 1733 ἀποθνήσκει
376 1686 432 1725 επὶ
454 1686 621 1738 Ἀμινίου.
638 1686 716 1740 Πρὸ
733 1685 856 1725 τούτου
878 1686 914 1725 88
931 1686 1108 1741 Ἴσαρχος,
1125 1689 1177 1742 ἐφ’

146 1749 185 1783 ου
202 1747 237 1783 αἱ
254 1744 410 1800 Νεφέλαι
441 1745 668 1797 εἰσήχθησαν.
699 1743 744 1784 Ὁ
759 1744 878 1796 μέντοι
898 1746 1136 1800 Ἀνδροτίων’
1121 1747 1178 1785 επὶ

148 1803 329 1853 Ἀλκαίου,
347 1807 408 1842 τοῦ
428 1803 517 1854 μετὰ
537 1803 708 1855 Ἀμινίαν,
725 1802 783 1842 τὸν
801 1803 948 1843 Κλέωνα
963 1804 1097 1843 δυσὶν’
1079 1821 1179 1843 υστε-

150 1877 207 1914 pov
243 1861 335 1901 ἔτεσι
353 1863 514 1901 τεθνάναι
547 1865 611 1909 τῆς
648 1865 718 1901 τῶν
739 1863 905 1916 Νεφελῶν
937 1863 1177 1902 διδασκαλίαν.

150 1920 205 1958 Cf.
228 1921 397 1959 Clinton.
418 1924 458 1959 F.
476 1924 524 1959 H.
541 1922 600 1960 Ol.
621 1921 727 1972 89‚2
734 1952 741 1958 .

205 2040 329 2078 Schol.
350 2041 464 2078 Arist.
484 2044 553 2078 Av.
579 2042 653 2078 13:
676 2012 786 2094 Πρὸ’
771 2057 856 2079 ετων
877 2041 937 2079 δύο
956 2045 1074 2086 κακῶς
1100 2058 1181 2096 περι

150 2097 364 2136 Μαντίνειαν
401 2097 605 2145 ἀπήλλαξαν
636 2099 684 2150 (οἱ
710 2099 921 2150 Ἀθηναῖοι),
954 2103 1000 2144 ὣς
1027 2100 1086 2139 καὶ
1104 2101 1183 2145 τους

152 2155 369 2211 στρατηγους
388 2156 580 2196 ἀποὸαλεῖν
598 2157 753 2210 Λάχητα
775 2174 836 2196 και
861 2158 1101 2212 Νικόστρατον
1118 2161 1181 2213 (cf.

153 2267 285 2306 serunt3
301 2267 363 2298 hoc
377 2269 558 2299 memorant
572 2267 730 2300 Androtio
743 2270 776 2301 et
790 2268 1002 2302 Aristoteles
994 2279 1029 2301 in
1044 2270 1126 2302 libro
1141 2270 1181 2303 de

152 2313 399 2346 Atheniensium
419 2314 598 2355 republica.

633 2379 697 2412 43.

195 2440 401 2481 Thucydides
420 2441 553 2473 Milesiae
572 2441 677 2482 filius,
699 2443 831 2475 Periclis
854 2443 1058 2477 adversarius
1083 2445 1116 2477 in
1133 2454 1183 2486 ge-

155 2487 255 2520 renda
286 2488 463 2529 republica.
488 2489 717 2530 Theopompus
749 2490 879 2530 quidem
911 2492 1083 2524 historicus
1115 2493 1183 2532 ait,

155 2534 302 2567 Pantaeni
317 2534 418 2567 filium
431 2535 532 2569 fuisse
547 2536 679 2568 Periclis
694 2537 928 2578 adversarium,
942 2548 1008 2570 non
1023 2548 1102 2572 vcro
1116 2543 1180 2572 An-

155 2582 286 2660 ὀιοῐίρ,
312 2582 369 2615 sed
395 2583 448 2615 hic
477 2592 606 2624 quoque
641 2584 776 2617 Milesiae
805 2585 906 2617 filium
943 2586 1022 2618 dicit
1053 2587 1184 2619 Periclis

155 2637 240 2661 aemu
254 2636 322 2660 um.

640 2695 702 2727 44.

198 2756 274 2788 Fuit
289 2757 386 2789 etiam
402 2758 539 2798 quartus
565 2758 646 2791 alius
671 2759 888 2800 Thucydides,
904 2763 1022 2801 poeta,
1039 2770 1080 2792 ex
1105 2770 1184 2802 pago

158 2804 369 2844 Acherdusio,
388 2806 482 2846 quus
495 2806 691 2838 mentionem
706 2806 826 2839 faciens
838 2807 997 2839 Androtio
1019 2809 1052 2839 in
1066 2810 1185 2840 Rerum

159 2851 341 2884 Atticarum
359 2852 505 2892 historia,
521 2853 707 2886 Aristonem
721 2854 750 2886 ei
765 2857 889 2895 patrem
906 2855 1006 2888 fuisse
1022 2856 1111 2888 dicit.

640 2922 703 2954 45.

203 2980 317 3012 Laced
309 2983 437 3014 ‘emonii
465 2992 566 3023 quum
594 2983 788 3026 irrupissent
818 2986 852 3017 in
882 2986 1022 3018 Atticam
1055 2989 1186 3019 centum

163 3025 307 3058 millibus
322 3028 626 3081 Peloponnesiorum
639 3034 672 3062 et
684 3033 884 3072 Boeotorum,
900 3033 982 3066 duce
995 3034 1188 3066 A1chidamo

164 3071 350 3104 Zeuxidami
368 3075 451 3114 regis
466 3075 547 3114 filio,
567 3077 793 3111 abstinuerunt
810 3080 910 3112 sacris
926 3079 1081 3113 Minervae
1095 3080 1187 3121 oleis,

164 3118 202 3148 ut
220 3118 377 3151 Androtio
396 3130 526 3162 quoque
545 3124 652 3156 tradit.

646 3192 708 3223 46.

209 3244 364 3277 Androtio
378 3256 452 3278 eum
471 3249 650 3292 (Cleonem)
666 3255 831 3286 mortuum
846 3264 917 3287 esse
933 3255 1013 3288 dicit
1029 3258 1190 3289 Archonte

166 3290 308 3322 Alcaeo..
328 3293 451 3325 C.leon
468 3296 549 3329 obiit
574 3299 734 3331 Archonte
751 3302 878 3333 Aminia
896 3303 960 3342 (Ol
974 3304 1026 3342 88,
1043 3304 1095 3343 2);
1117 3306 1191 3336 ante

114 3362 121 3370 ,,
167 3336 254 3367 hunc
270 3338 395 3370 Archon
423 3344 490 3372 erat
516 3344 683 3384 'Isarchus‚
713 3347 774 3378 sub
789 3357 854 3387 quo
869 3349 978 3381 Nubes
1002 3353 1083 3382 actae
1101 3353 1189 3383 sunt.

167 3382 324 3415 Andr-orio
341 3386 447 3418 tamen
466 3388 526 3419 suh
542 3389 664 3430 Alcaeo,
691 3393 746 3432 qui
766 3395 923 3426 Aminiam
954 3400 1111 3436 sequutus
1127 3400 1187 3439 est,

821 189 1174 230 ANDROTIONIS
1205 189 1539 231 FRAGMENTA.

1227 278 1343 315 Thuc.
1356 281 1405 326 V,
1423 280 1489 324 61,
1512 278 1601 329 74),
1630 278 1721 317 καθὰ
1737 294 1796 317 και
1818 281 1855 320 ‘A
1885 279 2026 332 δροτίων
2043 278 2167 333 φησίν.
2191 263 2250 320 Ad

1228 336 1309 373 haec
1335 336 1498 375 Clinton.
1530 339 1554 374 l
1574 338 1599 374 l.
1627 338 1684 375 Ol.
1709 351 1785 387 90,
1821 339 1867 374 3.
1891 340 2052 386 «Quum
2078 337 2252 377 Chabriae

1229 407 1349 432 annus
1369 395 1439 446 (Ol.
1460 409 1524 445 90,
1544 397 1594 447 3),
1615 409 1692 446 quo
1713 404 1796 433 aeta
1816 403 1872 433 est
1890 393 2063 449 Ὄρνιθες,
2084 410 2106 434 a
2123 409 2250 447 pugna

1229 453 1276 490 ad
1302 454 1560 502 Mantineam,
1593 467 1677 504 quae
1696 455 1822 504 primo
1842 454 2090 505 Antiphontis
2125 467 2254 492 mense

1229 511 1327 549 facta
1346 519 1403 549 est
1416 521 1605 563 ,quartus
1622 513 1692 561 sit,
1728 526 1788 563 ap.
1814 513 1939 551 Schol.
1966 513 2171 565 legendum
2198 514 2256 552 est

1228 569 1297 622 πρὸ
1314 571 1383 608 τῶν
1404 569 1433 607 δ’
1446 573 1563 615 κακῶς
1581 587 1615 609 κ.
1630 587 1660 609 τ.
1675 571 1733 608 λ.
1726 588 1741 604 ι

1283 688 1410 726 Schol.
1434 689 1590 726 Lucian.
1616 689 1715 726 Tim.
1745 690 1822 726 30:
1851 687 2077 741 Ὑπέρὸολος,
2107 689 2154 731 ὥς
2181 686 2258 726 Ἀν-

1231 745 1374 799 δροτίων
1403 746 1521 800 φησιν,
1542 745 1761 800 Ἀντιφάνους
1785 762 1844 796 ην,
1872 745 1908 784 ὃν
1936 745 2175 799 ὠστρακίσθαι
2200 744 2258 783 διὰ

1230 803 1443 857 φαυλότητα.

1283 925 1441 960 Pausan.
1459 925 1527 970 VI,
1551 935 1598 970 7.
1613 921 1671 961 Τὰ
1689 921 1760 960 88'
1746 938 1778 965 ες
1796 937 1856 960 του
1881 920 2043 975 Δωριέως
2060 920 2124 969 τὴν
2142 921 2261 959 τελευ-

1230 979 1337 1027 τὴν”
1317 996 1410 1019 εστιν
1439 982 1474 1020 ἐν
1493 983 1536 1034 τῇ
1556 983 1738 1034 συγγραφῇ
1761 983 1804 1033 τῇ
1826 979 1952 1019 Ἀτθίδι
1979 979 2196 1051 Ἀνδροτίωνι
2217 980 2263 1017 εἷ-

1233 1039 1384 1092 ρημένα·
1409 1043 1496 1078 εἰναι
1517 1024 1579 1091 μὲν
1599 1054 1793 1086 τηνικαυτα
1821 1040 1855 1076 ἐν
1887 1039 2013 1093 Καύνῳ
2034 1038 2074 1077 τὸ
2093 1036 2264 1090 βασιλέως

1231 1097 1406 1146 ναυτικὸν,
1425 1098 1485 1136 και
1510 1097 1658 1137 Κόνωνα
1680 1098 1735 1136 ἐπ’
1764 1099 1858 1151 αὐτῷ
1887 1095 2095 1150 στρατηγὸν,
2114 1096 2262 1137 Ῥοδίων

1232 1171 1270 1194 τε
1287 1156 1345 1194 τὸν
1373 1156 1483 1207 δημον
1512 1155 1731 1194 πεισθέντα(
1718 1155 1785 1194 υπὸ
1803 1160 1862 1194 τοῦ
1881 1154 2079 1199 Κόνωνος’
2061 1155 2130 1194 απὸ
2148 1157 2265 1194 Λακε-

1233 1213 1423 1265 δαιμονίων
1452 1213 1712 1265 μεταὸαλέσθαι
1744 1220 1832 1267 σφᾶς
1860 1215 1894 1257 ἐς
1920 1213 1982 1261 τὴν
2012 1213 2183 1266 βασιλέως
2204 1213 2264 1252 καὶ

1234 1271 1424 1319 Ἀθηναίων
1443 1271 1666 1325 συμμαχίαν,
1688 1270 1826 1325 Δωριέα
1844 1271 1879 1310 δὲ
1895 1273 2088 1323 ἀποδημεῖν
2109 1271 2173 1324 μὲν
2185 1270 2266 1310 τότε

1235 1333 1274 1370 ἐκ
1292 1330 1417 1371 Ρόδου
1433 1347 1514 1385 περι
1540 1331 1584 1370 τὰ
1607 1330 1704 1375 ἐκτὸς
1727 1330 2001 1378 Πελοποννήσου
2027 1330 2162 1385 χωρία,
2184 1332 2267 1369 συλ-

1233 1388 1410 1442 ληφθεντα
1436 1388 1472 1427 88
1493 1388 1560 1427 ὑπὸ
1586 1389 1720 1442 ἀνδρῶν
1748 1387 2035 1439 Λακεδαιμονίων
2063 1387 2177 1427 αὐτὸν·
2204 1387 2267 1427 καὶ

1236 1446 1433 1500 ἀναχθέντα
1460 1449 1494 1491 ἐς
1525 1446 1709 1501 Σπάρτην,
1731 1447 1861 1485 ἀδικεῖν
1886 1461 1924 1484 τε
1950 1445 2017 1485 ὑπὸ
2046 1447 2273 1498 Λακεδαιμο-’

1236 1506 1317 1545 νίων
1337 1509 1649 1558 καταγνωσθηναι,
1666 1505 1727 1544 καὶ
1744 1504 1976 1552 ἐπιὸληθηναί
1993 1507 2024 1543 οἱ
2044 1504 2190 1544 θάνατον
2205 1507 2267 1552 ζη-

1238 1566 1333 1618 μίαν.
1362 1567 1407 1604 Εἰ
1427 1564 1464 1604 88
1481 1564 1540 1604 τὸν
1561 1565 1647 1604 ὄντα
1666 1558 1760 1603 εἶπεν
1779 1564 1983 1617 Ἀνδροτίων
1999 1563 2116 1616 λόγον,
2136 1563 2266 1602 ἐθέλειν

1239 1640 1298 1676 μοι
1327 1623 1487 1677 φαίνεται
1521 1624 1817 1676 Λακεδαιμονίους
1844 1625 1879 1667 ἐς
1901 1623 1941 1662 τὸ
1967 1623 2042 1662 ἴσον
2075 1622 2126 1662 ἔτι
2155 1624 2269 1671 ’-Αθη

1238 1685 1346 1728 ναίοις
1365 1687 1604 1732 καταστῆσαι,
1629 1700 1683 1722 οτι
1706 1684 1766 1722 και
1798 1684 2017 1731 Ἀθηναίοις’
2002 1699 2036 1727 ες
2058 1683 2267 1738 Θράσυλλον

1239 1760 1299 1782 και
1315 1760 1392 1787 τους
1415 1745 1450 1782 ἐν
1473 1742 1709 1796 Ἀργινούσαις
1728 1746 1814 1794 ὁμου
1831 1745 1880 1780 τῶ
1898 1742 2100 1796 Θρασύλλῳ
2117 1758 2269 1797 στρατη-

1239 1819 1274 1855 γ
1273 1803 1417 1850 ἦσαντας
1439 1801 1647 1855 προπετείας
1663 1802 1756 1840 ἐστιν
1771 1801 1943 1868 ἔγκλημα.

1294 1861 1382 1900 Vid.
1403 1861 1533 1912 fragm.
1554 1861 1601 1898 de
1622 1861 1779 1911 triginta
1809 1861 1903 1898 viris
1921 1860 2071 1912 legibus
2097 1860 2271 1899 scriben-

1242 1921 1300 1959 dis
1322 1921 1480 1959 electis
1470 1935 1510 1958 m
1527 1921 1744 1958 Philoclior.
1764 1921 1899 1971 fragm.
1918 1922 2077 1959 CXXII.

1295 2045 1397 2095 Ulp1
1398 2058 1447 2082 ιιι
1468 2044 1515 2082 ad
1538 2044 1723 2082 Demosth
1728 1983 1904 2094 .510eptin.
1931 2050 1995 2090 41,
2013 2042 2060 2080 de
2080 2055 2211 2095 pugna
2230 2043 2272 2080 in

1242 2115 1334 2154 agro
1361 2103 1584 2141 Corinthio:
1606 2101 1692 2155 Περὶ
1715 2101 1845 2149 ταύτης
1860 2104 1922 2148 τῆς
1942 2100 2060 2153 μάχης
2085 2099 2274 2154 Ὑπερίδης

1243 2160 1371 2214 εἴρη.κε
1398 2192 1420 2200 ..
1427 2160 1531 2200 ,Και
1558 2159 1655 2214 παρὰ
1679 2158 1821 2214 Ἐφόρῳ
1843 2160 1904 2198 καὶ
1932 2158 2150 2212 Ἀνδροτίωνι
2177 2161 2273 2198 ἱστο-

1243 2270 1396 2303 Cleonem
1421 2270 1536 2302 statuit
1559 2272 1723 2302 mortuum
1753 2278 1849 2306 esse,
1866 2269 1997 2302 biennio
2027 2271 2102 2310 post
2128 2268 2271 2302 Nubium

1243 2317 1517 2350 commissionem.

1284 2412 1419 2444 Biennio
1435 2414 1509 2443 ante
1521 2414 1606 2443 Aves
1623 2366 1790 2442 sabulai¹n7
1783 2419 1889 2443 scenae
1909 2410 2117 2442 commissam
2137 2409 2274 2442 adversa

1244 2458 1373 2490 fortuna
1388 2458 1440 2490 usi
1455 2460 1546 2490 erant
1565 2458 1778 2490 Athenienses
1795 2458 1836 2490 ad
1850 2458 2071 2497 Mantineam,
2102 2457 2148 2489 ita
2162 2458 2198 2488 ut
2214 2458 2273 2489 La-

1244 2506 1371 2537 chetem
1397 2508 1430 2537 et
1448 2505 1666 2537 Nicostratum
1689 2513 1822 2537 munere
1836 2505 2041 2546 imperatorio
2058 2505 2272 2544 removerent,

1243 2554 1281 2584 ut
1298 2552 1393 2584 tradit
1410 2551 1578 2583 Andr-otio

1288 2646 1446 2678 Androtio
1463 2645 1694 2685 Hyperbolum,
1712 2599 1788 2684 ait8
1786 2645 2014 2685 Antiphanisi
1996 2643 2096 2676 filium
2110 2643 2274 2686 ,pravita-

1245 2692 1286 2724 tis
1305 2700 1404 2723 causa
1419 2691 1611 2723 ostracismo
1627 2691 1765 2731 eJ'ectum
1783 2699 1865 2723 esse.

1287 2792 1368 2828 Quae
1380 2790 1421 2821 ad
1435 2789 1543 2822 Dorici
1552 2790 1628 2822 vitae
1640 2744 1949 2830 exituin9fi>ertinene
1958 2789 2136 2831 perscripta
2144 2789 2274 2823 suntab

1245 2836 1467 2868 Androtione
1459 2845 1492 2867 ιιι
1512 2838 1631 2868 Reium
1647 2835 1827 2868 Atticarum
1850 2835 2102 2868 commentariis.
2111 2838 2219 2874 Quum
2232 2835 2274 2868 ad

1246 2885 1408 2923 Caunum,
1431 2883 1550 2923 inquit,
1559 2883 1868 2923 essetiegiaclassis,
1883 2883 2018 2923 ejusque
2034 2883 2274 2924 imperatorco·
2315 2887 2320 2890 '

1246 2938 1309 2960 non
1318 2929 1437 2976 populo
1444 2929 1571 2961 Rhodio
1584 2929 1807 2976 persuasisset,
1827 2930 1863 2961 ut
1874 2930 2009 2962 deseiiis
2019 2930 2272 2963 Lacedaemoniis

1246 2970 1279 3001 in
1290 2971 1372 3010 regis
1382 2973 1415 3002 et
1431 2970 1677 3002 Atheniensium
1692 2970 1879 3002 societatem
1889 2970 2049 3010 transiret,
2061 2971 2214 3003 Doricum
2225 2980 2273 3012 pe-

1247 3026 1316 3057 regi·
1318 3017 1460 3049 inantem
1470 3019 1562 3048 extra
1578 3017 1710 3057 (circa?)
1725 3017 1981 3058 Peloponnesum
1991 3018 2271 3059 comprehensum,

1247 3064 1394 3103 Spartam
1418 3063 1617 3103 abductum,
1647 3062 1756 3104 ibique
1785 3073 1804 3095 a
1815 3064 2070 3096 Lacedaemoniis
2097 3065 2272 3106 majestatis

1248 3112 1459 3151 damnatum,
1470 3121 1588 3143 noxam
1613 3112 1742 3153 capitali
1759 3113 1917 3154 supplicio
1932 3113 2043 3146 luisse.
2061 3113 2183 3151 Quodsi
2196 3121 2272 3146 vera

1248 3159 1380 3191 omnino
1407 3159 1540 3200 exponit
1554 3159 1760 3199 Androtion,
1788 3160 1917 3192 videtur
1934 3160 2013 3191 mihi
2037 3160 2180 3192 voluisse
2193 3159 2272 3200 ejus-

1249 3205 1321 3238 dem
1350 3205 1536 3238 temeritatis
1564 3184 1827 3238 Lacedaemoiiios
1842 3215 1974 3247 arguere
1985 3229 1994 3246 ‚
2024 3208 2116 3248 cujus
2138 3206 2272 3240 crimine

1250 3261 1284 3284 se
1299 3252 1483 3293 obligarunt
1497 3253 1726 3292 Athenienses,
1740 3262 1840 3293 quum
1854 3253 2059 3294 Thrasyllum
2076 3254 2109 3285 et
2124 3253 2271 3293 collegas,

1250 3298 1306 3339 qui
1320 3298 1359 3330 ad
1370 3299 1563 3339 Arginussas
1578 3298 1680 3331 classe
1695 3302 1927 3340 pugnaverant,
1942 3299 2047 3340 capite
2063 3298 2269 3331 damnarunt

1294 3401 1339 3430 Dc
1354 3399 1413 3430 hac
1429 3407 1534 3439 pugna
1547 3354 1842 3439 Hyperidesil‘ixiu
1864 3399 1950 3440 apud
1964 3399 2129 3441 Ephorum
2143 3404 2271 3439 quoque
