2294 3704
160 163 223 190 ΧΠ

1018 148 1085 187 DE
1114 148 1385 190 HECATAEO.
2280 109 2294 271 l

159 237 308 274 Italiam
345 238 384 274 in
419 236 598 284 Iberiam,
637 236 774 274 deinde
794 236 842 274 ab
866 236 998 274 eodem
1032 236 1184 273 Helles·
1245 251 1339 288 quas
1358 238 1406 276 de
1427 246 1507 276 arte
1522 238 1692 276 historiae
1709 237 1922 276 scribendae
1938 238 2066 277 animo
2084 252 2294 307 concepe-:t

162 304 306 346 ponto,
342 303 457 346 atque
486 296 654 362 primum
682 298 848 346 Europae
882 301 999 350 caput
1028 295 1183 332 nomine

161 355 420 405 Hellesponti,
452 355 617 405 primum
635 354 729 391 Asiae
748 363 864 405 caput
879 354 1034 392 nomine
1053 353 1179 392 AEoli-

160 426 294 450 corum
326 413 522 463 designata
554 413 686 459 fuisse;
729 413 832 450 unde
861 413 969 450 facile
1001 413 1183 463 explicari

161 470 274 518 dicit,
304 485 372 508 cur
396 471 533 508 horum
562 470 804 521 potissimum
833 471 1000 522 capitum
1026 471 1184 509 nomina

161 537 299 578 praeter
327 530 537 580 AEgyptum
566 538 604 566 et
633 529 816 580 Libyam,
842 530 988 581 quippe
1017 543 1182 581 quorum

158 587 232 624 alia
246 587 377 624 fuisset
396 588 505 634 ratio,
522 587 569 625 ab
586 588 840 639 epitomatore
850 589 990 627 diserte
1006 589 1183 626 nomina-

161 653 303 682 rentur.
323 649 457 695 Itaque
476 649 674 684 Hecataeus
697 647 828 698 priore
847 646 949 685 libro
969 646 1017 684 ab
1036 648 1184 685 Helles-

159 712 280 753 ponto
309 717 380 754 per
405 705 606 743 Thraciam
628 715 666 743 et
691 706 887 756 Scythiam
907 705 954 743 ad
973 708 1184 744 Caucasum

100 790 102 792 »
159 775 281 812 usque
301 763 483 812 perrexit.
505 763 690 801 Similiter
710 765 831 802 altero
851 764 952 802 libro
966 763 1015 802 ab
1031 763 1184 802 AEolide

160 819 326 869 primum
343 834 415 872 per
422 822 584 860 mediam
596 822 725 860 Asiam
743 823 928 860 minorem
941 822 1126 873 processit
1136 822 1185 859 ad

158 879 359 929 Chalybes,
384 881 562 927 Colchos,
586 882 736 928 Medos,
755 882 929 930 Parthos,
948 885 1098 928 Persas,
1117 885 1184 919 In-

158 937 249 984 dos;
271 938 410 976 deinde
437 939 488 976 ab
504 939 638 977 eadem
658 939 807 978 AEolide
825 953 893 991 per
907 940 1184 977 occidentalem

158 1004 196 1032 et
220 997 424 1034 australem
447 997 547 1035 Asiae
571 1011 677 1035 oram
698 997 746 1035 ad
767 998 934 1048 Syriam,
960 999 1183 1048 AEgyptum,

158 1054 332 1105 Libyam.
349 1056 422 1104 Qui
439 1069 566 1093 rerum
581 1055 676 1094 ordo
690 1057 867 1106 quamvis
880 1056 1185 1107 simplicissimus

158 1113 226 1161 sit,
251 1121 365 1164 atque
388 1115 489 1152 ultro
508 1114 586 1152 fere
605 1127 686 1152 sese
700 1115 860 1162 offerat,
886 1122 1035 1162 tamen,
1065 1127 1184 1164 quum

159 1184 236 1208 non
251 1171 396 1222 ubique
413 1175 632 1210 Hecataeum
646 1172 682 1210 ei
697 1172 923 1210 adstrictum
939 1173 1056 1210 fuisse
1074 1173 1186 1210 liceat

160 1231 410 1279 contendere,
422 1231 659 1279 Clausenius,
681 1232 719 1268 in
737 1231 895 1282 singulis
911 1244 1043 1268 veram
1057 1231 1186 1281 operis

157 1289 408 1326 oeconomiam
420 1289 568 1327 restitui
578 1302 690 1340 posse
705 1290 926 1340 desperans,
942 1290 1058 1327 satius
1073 1289 1185 1326 duxit

160 1347 367 1398 fragmenta
382 1361 428 1386 eo
449 1347 583 1386 ordine
603 1348 831 1399 disponere,
859 1362 971 1399 quem
991 1349 1131 1397 Scylax
1145 1347 1185 1384 in

161 1407 314 1457 Periplo
338 1420 408 1444 suo
439 1415 592 1444 secutus
613 1415 681 1445 est.
712 1408 851 1458 «AEgaei
884 1407 998 1444 maris
1026 1407 1183 1454 insulas,

156 1465 299 1515 inquit,
334 1466 423 1503 dedi
453 1475 541 1517 post
573 1466 873 1517 descriptionem
895 1466 1029 1503 Atticae
1050 1466 1110 1515 (fr.
1134 1465 1183 1515 95

158 1527 257 1574 sqq.)
270 1554 280 1572 ,
294 1523 335 1560 in
348 1525 507 1562 Thracia
521 1523 774 1562 describenda
787 1524 846 1562 bis
862 1537 884 1561 a
897 1523 1101 1561 Paeonibus
1115 1537 1181 1560 ex-

158 1596 268 1620 orsus
291 1596 388 1632 sum,
406 1597 508 1621 nunc
523 1584 687 1634 populos
703 1584 803 1621 inter
817 1586 993 1621 Haemum
1014 1591 1184 1620 montem

157 1650 195 1679 et
213 1643 387 1692 AEgaeum
410 1656 513 1680 mare
530 1642 748 1680 habitantes
768 1655 970 1680 recensens
993 1655 1115 1692 usque
1136 1641 1184 1678 ad

157 1701 384 1751 Byzantium
412 1701 473 1753 (fr.
507 1700 722 1751 125-140),
758 1714 859 1738 nunc
883 1714 953 1751 per
977 1700 1127 1738 Desilos
1147 1707 1185 1737 et

157 1763 384 1812 Datyleptos
420 1765 555 1800 Haemo
595 1762 754 1812 trajecto
787 1761 981 1799 borealem
1015 1761 1184 1798 Thraciae

157 1828 311 1871 partem
324 1821 434 1858 sitam
447 1821 548 1858 inter
558 1823 733 1858 Haemum
747 1829 784 1858 et
796 1824 935 1858 Istrum
948 1820 1184 1870 perlustrans

157 1880 217 1930 (fr.
245 1886 286 1925 ¹4
297 1894 362 1916 1-1
375 1881 452 1931 52).
471 1880 574 1919 Asiae
595 1881 852 1932 descriptione
871 1880 910 1917 in
926 1880 1067 1917 vicinia
1083 1882 1185 1918 Cau—

157 1939 233 1975 casi
263 1939 416 1990 incepta
448 1953 550 1976 nunc
578 1951 648 1990 per
675 1939 834 1987 Medos,
861 1951 965 1976 mare
988 1939 1184 1989 Caspium,
1246 1956 1251 1963 ·

157 1998 331 2046 Parthos,
351 1998 467 2036 Indos
487 2011 530 2036 ac
543 2002 676 2037 Persas
690 1998 888 2049 profectus
902 2011 983 2035 sum
1003 1998 1064 2037 (fr.
1089 1999 1184 2041 164-

161 2055 262 2107 184),
277 2070 378 2093 nunc
393 2056 440 2094 ad
454 2057 615 2107 Bospori
628 2058 807 2094 viciniam
822 2069 1014 2106 regressus
1029 2069 1098 2106 per
1109 2059 1185 2094 Co-

156 2127 288 2162 raxos,
313 2115 477 2153 Colchos
489 2144 499 2163 ,
520 2115 620 2153 Asiae
637 2116 726 2153 litus
742 2115 897 2153 boreale
909 2143 919 2161 ‚
936 2115 1183 2162 occidentale,

157 2174 340 2220 australe,
357 2167 438 2225 per
460 2174 609 2224 Syriam
626 2183 664 2213 et
682 2176 895 2226 AEgyptum
918 2187 1037 2224 usque
1052 2174 1099 2212 ad
1119 2176 1184 2213 Li-

155 2232 270 2283 byam
289 2233 350 2284 (sr.
372 2233 443 2270 185
459 2233 570 2284 sqq.).
589 2250 606 2267 »

209 2294 345 2340 Ratio,
374 2307 452 2345 qua
477 2294 644 2344 singulas
674 2293 849 2344 regiones
878 2296 1017 2331 Noster
1046 2293 1170 2332 descri

155 2352 225 2398 bit,
245 2361 287 2390 ut
303 2352 443 2391 docent
459 2354 670 2404 fragmenta
689 2353 810 2404 ipsius
826 2352 957 2391 verbis
979 2361 1184 2404 concepta,

155 2412 364 2450 admodum
412 2413 575 2464 simplex
617 2421 684 2450 est.
732 2416 823 2450 Post
872 2413 1009 2464 populi
1043 2426 1184 2450 nomen

154 2472 257 2510 nude
296 2473 406 2523 ponit
443 2472 524 2523 ejus
558 2472 674 2510 urbes
689 2500 699 2518 ,
727 2472 869 2523 quibus
909 2472 1103 2509 interdum
1132 2472 1184 2509 in-

154 2531 327 2568 colarum
362 2531 562 2582 originem,
586 2532 647 2568 vel
663 2531 861 2569 ethnicum
888 2531 1031 2568 civium
1066 2544 1183 2568 voca—

154 2589 303 2636 bulum,
327 2590 387 2628 vel
412 2590 528 2627 deum
548 2603 628 2641 prae
648 2590 781 2628 ceteris
800 2590 856 2628 ibi
874 2591 1031 2637 cultum,
1052 2590 1182 2640 saepis-

155 2650 250 2687 sime
264 2663 358 2688 vero
374 2649 478 2687 urbis
493 2649 735 2687 conditorem
753 2649 870 2687 addit.
893 2653 999 2687 Inter
1013 2649 1183 2699 antiqui-

156 2721 242 2746 ores
263 2717 440 2746 auctores
455 2709 620 2746 maxime
641 2709 852 2759 respexisse
870 2708 1021 2746 videtur
1038 2708 1086 2745 ad
1100 2711 1183 2745 Ho-

156 2782 316 2817 merum,
337 2783 424 2807 cum
439 2783 518 2820 quo
531 2769 571 2806 in
585 2770 714 2807 multis
728 2782 818 2806 sane
833 2769 1014 2816 concinit,
1029 2768 1067 2805 in
1082 2768 1183 2806 veris

156 2841 263 2878 aeque
293 2842 336 2866 ac
365 2829 548 2867 sabulosis
574 2829 643 2881 (cf.
667 2829 710 2866 l'r.
730 2841 818 2876 227,
853 2829 939 2876 153,
970 2841 1058 2875 200,
1093 2841 1187 2876 202

162 2892 246 2934 144,
278 2889 364 2934 145,
399 2902 434 2934 2,
466 2888 572 2940 266).
601 2891 700 2926 Nam
721 2888 792 2926 etsi
815 2887 1103 2926 concedendum
1125 2895 1182 2924 est

157 2959 235 2982 non
254 2947 343 2983 satis
362 2947 542 2985 habuisse
558 2950 777 2986 Hecataeum
795 2948 834 2984 in
855 2947 1007 2997 scriptis
1021 2946 1098 2984 suis
1121 2960 1183 2984 re-

156 3005 234 3041 lata
251 3004 405 3052 referre,
427 3006 493 3043 sed
515 3020 601 3044 acre
621 3006 703 3057 ejus
728 3015 766 3044 et
784 3006 917 3044 sollers
931 3006 1127 3056 ingenium
1143 3006 1182 3042 in

158 3077 309 3100 caussas
333 3077 461 3101 rerum
488 3074 524 3102 et
551 3074 775 3116 argumenta
794 3065 997 3116 diligenter
1016 3064 1182 3114 inquisi—

158 3122 271 3170 visse,
288 3136 331 3160 ac
351 3124 521 3160 omnium
542 3126 708 3175 primum
730 3125 845 3163 crisin
868 3125 1059 3176 quandam
1073 3124 1184 3162 histo-

159 3181 226 3218 riae
242 3180 462 3219 adhibuisse
490 3182 541 3234 (v.
560 3184 605 3222 sr.
624 3185 713 3230 332,
737 3185 825 3232 347,
840 3185 929 3234 349,
949 3182 1031 3234 72),
1046 3183 1184 3220 nihilo-

161 3241 285 3278 minus
303 3239 443 3278 dubius
463 3254 563 3291 saepe
581 3250 617 3278 et
635 3256 840 3292 suspensus
860 3243 1009 3280 haesisse
1028 3241 1184 3279 videtur

159 3299 262 3336 inter
277 3298 405 3344 fidem,
429 3313 545 3349 quam
563 3300 683 3350 pietas
700 3302 852 3338 sancitis
871 3309 1045 3352 tempore
1064 3301 1182 3339 tradi-

162 3358 330 3398 tionibus
353 3357 535 3406 debebat,
557 3368 673 3409 atque
704 3360 872 3398 veriores
893 3361 975 3398 illas
992 3362 1181 3409 notiones,

1242 304 1311 334 rat.
1330 298 1466 348 Itaque
1480 298 1511 335 si
1524 298 1563 334 in
1577 296 1831 348 dijudicandis
1845 305 2019 335 veterum
2032 296 2171 336 fabulis
2180 299 2268 337 ani-

1243 369 1348 393 mum
1376 370 1452 394 non
1484 369 1762 407 usquequaque
1784 355 1949 404 liberum
1965 355 2112 403 habuit,
2127 370 2197 396 nec
2213 371 2256 396 ο
2274 379 2290 386 ν

1242 415 1370 453 saeculi
1392 416 1450 453 sui
1463 414 1631 453 indolem
1648 414 1793 466 ubique
1807 423 1988 467 praestare
2002 415 2142 466 potuit,
2159 415 2287 467 quod‘

1243 482 1317 511 tam
1333 475 1481 512 sincere
1495 473 1631 521 voluit,
1645 473 1685 511 in
1701 474 1748 511 iis
1761 481 1865 511 certe
1879 473 1996 511 rebus
2010 486 2159 511 summa
2171 473 2283 519 fides,-

1242 534 1276 571 ei
1293 532 1497 571 tribuenda
1516 532 1600 580 erit,
1621 545 1706 583 quae
1732 532 1827 569 nihil
1843 531 1916 570 sibi
1937 532 2134 583 postulant
2153 545 2258 583 qua.»
2271 526 2274 527 ’

1242 599 1420 629 accurate
1439 590 1672 629 observandi
1693 590 1924 637 facultatem,
1943 591 2168 629 memoriam
2189 591 2274 640 visa·

1242 658 1280 687 et
1299 650 1429 688 audita
1444 650 1604 687 feliciter
1618 649 2088 701 complectentem,scitam
2102 649 2246 702 deniqu
2268 692 2286 696 ,

1243 717 1281 747 et
1299 709 1506 747 dilucidam
1526 722 1656 747 rerum
1676 709 1972 760 expositionem.
1995 712 2092 756 Quae
2109 709 2229 748 virtut
2237 710 2283 749 a?

1243 782 1362 819 quum
1381 781 1495 819 quam
1516 769 1681 806 maxime
1706 769 1746 805 in
1769 781 1890 819 opere
1912 767 2174 818 geographico
2201 781 2245 807 re
2261 762 2281 799 ³0

1244 827 1463 877 quirantur‚
1491 834 1606 877 atque
1629 839 1670 864 re
1690 839 1780 864 vera
1805 829 2007 864 Hecataeus
2038 839 2118 864 non
2145 827 2279 866 solum·

1243 885 1465 923 emetiendis
1478 886 1652 923 locorum
1667 885 1858 923 distantiis
1877 886 1941 937 (fr.
1963 887 2052 934 163,
2073 886 2186 937 303),

1244 945 1359 982 etiam
1379 943 1642 982 describendis
1671 945 1873 996 regionum
1901 944 2117 994 montibus¹
2151 945 2288 984 silvi<

1244 1002 1473 1050 arboribus,
1501 1003 1814 1054 populorumque
1838 1003 2010 1041 moribus
2059 999 2266 1054 ρΙιιΓίιῐιιιιῗ

1244 1074 1374 1112 operae
1403 1075 1561 1099 navasse
1590 1061 1786 1110 videatur,
1821 1062 1913 1100 satis
1948 1070 2126 1113 apparet,
2154 1076 2260 1114 qua

1245 1119 1383 1170 dignus
1402 1120 1451 1157 sit
1470 1128 1619 1168 auctor,
1640 1133 1753 1170 quem
1771 1121 1877 1159 omni
1895 1120 2010 1158 laude
2024 1134 2217 1159 ornemus.
2263 1131 2267 1134 ⁴

1296 1177 1483 1215 Tabulam
1510 1178 1805 1229 geographicam
1837 1178 1887 1216 ab
1918 1182 2098 1217 Hecataeo
2125 1180 2240 1218 cons·
2267 1191 2271 1193 ·

1245 1244 1345 1272 ctam
1359 1249 1440 1274 esse
1449 1237 1721 1295 Eratosthenes
1731 1237 1888 1288 quidem
1901 1251 1963 1289 ap.
1975 1238 2253 1290 Strabonem(1
2271 1232 2294 1274 ¹3²

1245 1309 1383 1346 negare
1410 1295 1583 1343 videtur,
1615 1297 1856 1348 comparanti
1876 1305 2007 1336 autem
2030 1297 2238 1348 Agatheme

1243 1353 1370 1391 locum
1394 1367 1509 1405 supra
1528 1355 1748 1406 appositum
1777 1355 1874 1406 (not.
1902 1354 1942 1407 4)
1960 1369 2048 1394 cum
2071 1355 2230 1395 Herode

1243 1414 1288 1459 V,
1303 1418 1365 1462 49,
1381 1413 1448 1451 ubi
1463 1414 1718 1465 Aristagoras,
1733 1414 2048 1454 Lacedaemonem
2062 1415 2294 1466 profectus

1245 1471 1461 1520 Cleomeni,
1486 1485 1600 1522 quem
1620 1472 1668 1510 ad
1686 1471 1831 1513 bellum
1851 1480 1987 1511 contra
1999 1476 2133 1512 Persas
2155 1474 2248 1525 pelli
2263 1487 2267 1489 ’
2282 1506 2283 1509 ,

1244 1537 1358 1578 ceret,
1371 1529 1541 1567 tabulam
1555 1530 1767 1570 ostendisse
1781 1530 1937 1582 dicitur,
1953 1532 2016 1569 cui
2030 1532 2148 1570 totius
2163 1540 2199 1570 te
2291 1536 2294 1538 ’

1244 1588 1428 1635 ambitus,
1459 1589 1579 1627 maria
1605 1596 1643 1626 et
1665 1589 1774 1627 fluvii
1794 1603 1927 1628 omnes
1949 1590 2130 1642 insculpti
2150 1604 2242 1630 eran

1247 1648 1327 1686 veri
1346 1647 1580 1685 simillimum
1600 1647 1775 1696 videtur,
1801 1648 1949 1687 inventi
1968 1649 2122 1687 laudem
2143 1649 2289 1690 trihus·

1244 1706 1381 1744 endam
1399 1719 1481 1744 esse
1500 1707 1803 1755 Anaximandro,
1824 1715 1863 1744 at
1881 1709 2077 1747 inventam
2097 1709 2197 1748 hanc
2215 1718 2253 1749 ta
2278 1708 2292 1756 '-

1243 1764 1370 1803 hulam
1392 1777 1415 1802 a
1435 1766 1612 1803 Hecataeo
1634 1766 1899 1814 emendatam,
1926 1767 1975 1804 ad
1994 1781 2082 1805 suas
2104 1769 2231 1806 ration
2260 1770 2263 1771 ’
2278 1784 2294 1809 ¹.

1243 1823 1481 1871 adornatam,
1499 1824 1652 1875 scriptis
1671 1825 1749 1863 suis
1767 1826 1995 1863 illustratam
2013 1826 2141 1865 fuisse.

1297 1885 1350 1921 Ut
1364 1896 1411 1920 ex
1431 1882 1502 1920 hac
1519 1891 1629 1934 parte
1643 1884 1805 1922 multum
1823 1887 1965 1923 Noster
1983 1885 2294 1939 Anaximandrv'j⁴

1246 2059 1419 2097 Clemens
1440 2059 1722 2097 Alexandrinus
1743 2059 1818 2111 (2),
1838 2061 1951 2111 plura
1972 2060 2012 2098 in
2030 2074 2142 2099 usum
2161 2075 2231 2100 suu

1245 2118 1448 2156 convertit.
1482 2118 1721 2157 Certioribus
1749 2119 1902 2158 indiciis
1933 2128 2082 2158 constat
2107 2134 2155 2158 ex
2184 2121 2226 2172 ip

1245 2178 1478 2229 posteriores
1501 2178 1726 2229 scriptores,
1752 2178 2017 2227 Herodotum,
2052 2183 2286 2221 Damasteuv

1244 2237 1435 2275 Avienum
1455 2234 1524 2288 (3),
1543 2237 1787 2275 Ammianum
1804 2238 2074 2276 Marcellinum
2093 2237 2212 2276 multa
2235 2238 2244 2247 '

1245 2304 1312 2328 sua
1331 2303 1451 2341 opera
1471 2290 1722 2328 transtulisse.

1298 2352 1443 2387 Verum
1469 2349 1571 2387 enim
1591 2362 1685 2386 vero
1716 2347 1797 2398 jam
1817 2349 2156 2399 grammaticorum
2177 2349 2226 2388 Al
2262 2357 2286 2402 J

1244 2408 1519 2445 xandrinorum
1532 2416 1642 2446 aetate
1655 2407 1717 2445 vir
1730 2408 1876 2445 exstitit
1889 2407 1944 2445 rei
1958 2407 2136 2445 literariae
2149 2408 2252 2446 scien
2284 2423 2285 2426 ¹

1246 2467 1296 2503 tia
1315 2467 1354 2504 in
1371 2468 1502 2518 paucis
1519 2467 1690 2517 insignis,
1708 2466 1982 2509 Callimachum
1999 2466 2101 2515 dico,
2122 2467 2189 2517 qui
2201 2469 2228 2504 P
2278 2488 2280 2490 ·

1244 2526 1427 2576 riegesin,
1452 2538 1537 2576 quae
1558 2533 1652 2562 tunc
1669 2525 1839 2562 Hecataei
1858 2525 2001 2563 Milesii
2018 2538 2100 2563 esse
2116 2524 2247 2564 fereba
2279 2522 2283 2538 ²

1246 2593 1331 2632 tur,
1350 2583 1411 2621 vel
1431 2597 1514 2621 eam
1530 2591 1655 2634 certe,
1680 2595 1794 2634 quam
1810 2583 1893 2634 ipse
1915 2582 2093 2621 manibus
2109 2582 2242 2622 teneba

1243 2643 1448 2694 genuinam
1463 2655 1544 2680 esse
1558 2650 1715 2692 negaret
1730 2650 1768 2679 et
1780 2642 1828 2679 ad
1841 2642 2059 2679 insulanum
2074 2642 2243 2693 quenda!

1244 2701 1481 2739 reserendam
1511 2709 1683 2739 censeret
1704 2700 1759 2751 (4)
1792 2701 2029 2752 (Hecataeum
2073 2701 2281 2787 Eretrieu⁴

2258 2765 2267 2781 k

1286 2804 1332 2845 (1)
1351 2803 1465 2837 Strabo
1480 2805 1512 2843 I,
1539 2806 1600 2836 13:
1618 2803 1679 2835 Τὸν
1705 2803 1760 2844 μὲν
1781 2802 1835 2835 οὗν
1859 2803 2115 2847 (Ἀναξίμανδρον)
2129 2804 2221 2836 ἐκδοῦ

1242 2854 1363 2894 πρῶτον
1391 2850 1602 2893 γεωγραφικὸν
1618 2850 1752 2889 πίνακα,
1777 2851 1830 2883 τὸν
1857 2851 1890 2883 δὲ
1909 2851 2074 2883 Ἑκαταῖον
2091 2853 2202 2884 καταλι

1242 2898 1369 2942 γράμμα
1386 2899 1591 2939 πιστούμενον
1611 2898 1729 2929 ἐκείνου
1751 2898 1828 2929 εἶναι
1851 2898 1887 2929 ἐκ
1902 2901 1956 2937 τῆς
1973 2898 2065 2936 ἄλλης
2083 2899 2179 2931 αὐτοῦ
2200 2907 2274 2942 γραιξ,

1241 2950 1298 2987 φῆς
1322 2946 1380 2986 (sc.
1399 2954 1439 2978 ex
1452 2945 1522 2985 ejus
1541 2944 1711 2984 Historiis,
1735 2947 1772 2976 ut
1787 2945 1981 2977 Clausenius
1996 2945 2146 2987 explicat.
2149 2947 2197 2978 Ve

1242 2992 1351 3024 nescio
1382 3000 1424 3023 an
1447 2991 1574 3034 γράμμα
1599 2990 1795 3023 vocabulum
1815 2991 1914 3032 (quod
1942 2991 2078 3024 sortasse
2102 2993 2200 3024 etiam

1243 3038 1540 3080 Agathemeriloco‚
1563 3039 1630 3069 not.
1643 3039 1662 3068 4
1666 3047 1745 3078 ‚pro
1760 3041 1888 3080 πρᾶγμα
1907 3039 2128 3079 reponendum
2143 3040 2206 3080 est)
2233 3039 2278 3086 1ιῇ

1244 3087 1263 3118 Ι.
1287 3085 1444 3126 significet
1465 3084 1563 3117 orbis
1580 3086 1759 3117 terrarum
1774 3085 2053 3126 delineationem,
2077 3087 2178 3128 γραφή
2191 3081 2279 3133 ν6ᾳῖ

1241 3133 1372 3172 librum,
1389 3132 1444 3173 qui
1461 3131 1710 3172 descriptionem
1726 3132 1796 3171 ejus
1809 3131 2019 3172 continebat.)

1284 3180 1328 3220 (2)
1350 3179 1500 3212 stromat.
1521 3180 1585 3217 VI,
1605 3187 1638 3219 p.
1662 3181 1722 3211 752
1745 3178 1797 3211 θα.
1823 3180 1952 3211 ponor:
1968 3179 2193 3222 Μειησαγόρου
2210 3162 2294 3250 γε’·ξ·

1242 3228 1367 3269 ἔκλεψεν
1383 3226 1510 3268 Γοργίας
1532 3226 1549 3256 ὁ
1567 3227 1727 3262 Λεοντῖνος
1745 3245 1786 3251 -
1801 3227 1855 3257 καὶ
1871 3226 2045 3263 Ἑκαταῖος.

1285 3277 1329 3316 (2)
1352 3276 1468 3308 Festus
1493 3274 1598 3306 Rufus
1621 3274 1763 3306 Avienus
1786 3275 1821 3307 in
1840 3275 2000 3327 Descript.
2019 3284 2086 3308 orae
2111 3271 2278 3318 ιιιᾶιίιίιιιέἐ

1242 3333 1273 3355 v.
1293 3326 1333 3355 40
1350 3323 1382 3354 in
1402 3322 1549 3355 Hudson
1568 3323 1684 3363 script.
1704 3331 1810 3363 geogr
1828 3332 1874 3363 gr.
1893 3322 1970 3354 min.
1989 3327 2067 3356 tom.
2085 3326 2140 3357 IV.

1283 3371 1327 3411 (4)
1351 3370 1525 3404 Athenaeus
1543 3371 1741 3412 epitomii,
1760 3380 1789 3412 p.
1814 3373 1873 3403 270
1893 3371 1944 3403 ed.
1962 3373 2162 3414 schweigtm
2175 3354 2277 3423 Ἑκαὲ
