2294 3704
929 134 995 175 DE
1022 137 1349 179 PHYLARCHO.

87 224 254 279 περιόδων
269 254 279 272 ,
308 225 348 269 ἃς
375 225 577 280 περαίνουσι
602 222 843 269 ἐξοπλίσαντες
864 222 908 261 τὰ
930 223 1103 277 στρατεύ-

85 299 183 334 ματα
212 284 470 337 παρατάξαντές
498 285 591 323 ἐστιν
618 283 748 320 εἰπεῖν·
778 281 932 325 «Οὐδεὶς
962 282 1104 335 σιδήρου

86 345 195 379 ταῦτα
220 342 386 396 μωραίνει
407 341 553 385 πέλας.»
582 342 657 379 Dio
679 341 938 390 Chrysostom.
964 354 1002 391 p.
1028 342 1104 378 256

87 401 234 438 Morell.
253 415 262 437 ε
290 402 371 439 Τῶν
388 399 424 438 δὲ
447 399 561 453 ἄκρων
584 399 804 445 Θουκυδίδης
824 398 901 450 ἐμοὶ
921 400 1026 445 δοκεῖ,
1045 398 1105 437 καὶ

86 459 155 495 τῶν
173 457 337 511 δευτέρων
357 457 568 510 Θεόπομπος
581 472 590 480 ·
614 457 672 497 καὶ
693 457 759 510 γὰρ
781 457 953 511 ἱστορικόν
972 473 1006 495 τι
1024 456 1105 510 περὶ

86 515 150 562 τὴν
173 517 387 567 ἀπαγγελίαν
411 516 485 569 ἔχει
498 546 510 566 ,
535 515 596 555 καὶ
617 518 679 555 οὐκ
704 515 869 560 ἀδύνατος
893 515 970 555 οὐδὲ
991 516 1104 568 ὀλίγος

85 573 164 627 περὶ
182 572 244 621 τὴν
264 574 448 627 ἑρμηνείαν
462 605 473 624 ,
498 575 557 614 καὶ
580 573 619 620 τὸ
639 574 789 629 ῥᾴθυμον
814 574 893 628 περὶ
918 573 979 619 τὰς
999 574 1107 619 λέξεις

85 632 151 684 οὐχ
180 630 269 670 οὕτω
291 634 419 686 φαῦλον
432 663 442 682 ,
465 633 556 673 ὥστε
570 650 610 673 σε
625 635 795 680 λυπῆσαι.
821 634 938 672 Duris
956 634 1105 672 Samius

83 691 188 742 apud
208 691 316 729 Phot.
337 693 420 731 cod.
442 695 526 741 176,
549 707 587 745 p.
604 693 678 731 205
698 708 706 731 :
723 690 872 745 Ἔφορος
891 691 926 729 δὲ
945 691 1005 730 καὶ
1017 690 1107 731 Θεό-

84 763 223 799 πομπος
254 752 322 788 τῶν
354 751 615 804 προγενομένων
639 753 800 790 πλεῖστον
820 750 1078 802 ἀπελείφθησαν
1094 764 1103 772 ·

85 805 164 845 οὔτε
182 806 250 861 γὰρ
270 808 451 860 μιμήσεως
472 810 663 862 μετέλαὸον
683 808 862 860 οὖδεμίας,
885 808 962 847 οὔτε
979 809 1105 856 ’ἡδονῆς

85 865 120 902 ἐν
139 867 190 919 τῷ
206 866 336 919 φράσαι
350 882 359 890 ·
380 869 485 907 αὐτοῦ
504 868 540 906 δὲ
559 872 618 907 τοῦ
636 860 779 921 γράῖρειν
803 867 906 918 μόνον
931 866 1106 919 ἐπεμελή-

86 925 202 962 θεσαν.
237 925 311 963 Sed
332 926 406 964 hoc
423 925 615 977 judicium
638 935 680 964 ut
699 935 886 977 quantum
903 927 1028 964 valeat
1044 927 1106 963 in—

86 983 301 1034 telligatur,
324 985 532 1023 tenendum
561 993 618 1023 est
645 985 767 1023 videri
786 985 974 1023 Duridem
998 998 1106 1022 suam

84 1041 207 1092 ipsius
230 1043 456 1091 orationem,
477 1057 563 1094 quae
587 1043 746 1094 tragoedi
771 1045 899 1095 potius
917 1057 1031 1094 quam
1050 1044 1106 1081 hi-

85 1102 216 1140 storici
237 1111 331 1150 erat,
356 1111 550 1154 tamquam
569 1105 786 1154 exemplum
811 1116 1033 1155 proponere
1046 1103 1106 1154 (Ἴ

126 1176 168 1218 (*)
184 1181 310 1218 Fragm.
326 1181 387 1212 323
399 1179 525 1220 plenius
539 1179 756 1212 exhibendum
770 1179 838 1211 erat
853 1179 898 1211 ita
916 1188 924 1210 :
941 1179 1088 1222 Φορμίων
1097 1202 1105 1209 .

84 1224 160 1266 Περὶ
176 1225 285 1256 τούτου
302 1227 354 1257 καὶ
371 1227 388 1258 ὁ
402 1226 588 1268 Θεόπομπος
601 1227 632 1258 ἐν
657 1228 856 1263 Φιλιππικοῖς
881 1238 985 1267 φησιν.
1002 1226 1062 1257 Ἦν
1075 1226 1108 1257 δὲ

83 1272 298 1313 Κροτωνιάτης
319 1276 372 1306 καὶ
389 1275 469 1316 ἐντῇ
494 1275 544 1307 ἐπὶ
566 1275 669 1318 Σάγρᾳ
690 1275 775 1316 μάχῃ
799 1276 933 1318 ἐτρώθη·
961 1275 1108 1306 δυσιάτου

27 1339 30 1343 ι
85 1318 112 1349 δ’
124 1318 209 1356 ὄντος
231 1325 286 1352 τοῦ
299 1322 482 1364 τραύματος,
500 1323 639 1364 χρησμὸν
653 1322 758 1353 ἐλαὸεν
772 1323 813 1358 εἰς
830 1321 1048 1363 Λακεδαίμονα
1064 1322 1108 1353 ἐλ-

86 1365 147 1396 θεῖν
157 1376 164 1382 ·
179 1370 286 1399 τοῦτον
302 1370 359 1411 γὰρ
376 1369 470 1400 αὐτοῦ
496 1370 599 1411 ἰατρὸν
621 1369 746 1400 ἔσεσθαι
757 1392 766 1408 ,
783 1369 815 1405 ὃς
832 1369 868 1399 ἂν
884 1369 975 1400 αὐτὸν
989 1371 1109 1411 πρῶτος

86 1412 242 1445 καλέσειεν
259 1414 308 1446 ἐπὶ
325 1416 462 1447 δεῖπνον.
481 1416 535 1452 Ὡς
549 1415 602 1447 οὖν
626 1415 699 1455 ἧκεν
716 1416 757 1451 εἰς
771 1416 825 1453 τὴν
841 1415 993 1457 Σπάρτην,
1017 1426 1108 1446 κατα-

86 1459 183 1491 δάντα
206 1462 298 1493 αὐτὸν
313 1462 385 1494 ἀπὸ.
399 1466 453 1494 τοῦ
469 1463 626 1504 ὀχήματος
645 1462 789 1494 ἐκάλεσεν
805 1462 855 1494 ἐπὶ
872 1463 993 1494 δεῖπνον
1014 1462 1108 1494 νεανί-

86 1518 171 1544 σκος.
186 1510 400 1547 Δειπνήσαντα
414 1511 446 1542 δὲ
458 1511 547 1552 ἤρετο
561 1511 605 1551 ἐφ’
622 1510 638 1542 ὅ
652 1522 679 1541 τι
689 1512 771 1548 ἥκοι.
790 1510 844 1546 Ὡς
861 1511 893 1542 δὲ
908 1511 1024 1548 ἤκουσε
1040 1511 1107 1552 περὶ

84 1557 140 1585 τοῦ
151 1560 305 1597 χρησμοῦ,
325 1557 479 1594 ἀποξύσας
491 1560 547 1589 τοῦ
560 1557 684 1599 δόρατος
698 1558 879 1595 ἐπιτίθησιν.
894 1558 946 1594 Ὡς
961 1558 993 1589 δὲ
1007 1558 1108 1589 ἀνέλυ-

86 1611 145 1632 σαν
157 1601 219 1633 ἀπὸ
232 1606 285 1634 τοῦ
298 1604 432 1644 δείπνου,
446 1605 547 1635 δοκῶν
560 1604 733 1635 ἀναὸαίνειν
747 1605 796 1636 ἐπὶ
809 1604 844 1635 τὸ
860 1605 943 1646 ἅρμα
955 1608 1008 1643 τῆς
1019 1606 1108 1647 θύρας

86 1647 180 1679 αὐτοῦ
204 1652 258 1680 τοῦ
282 1650 369 1682 οἷκου
390 1654 445 1682 τοῦ
467 1651 497 1682 ἐν
511 1650 649 1693 Κρότωνι
676 1650 925 1692 ἐπιλαμὸάνεται.
944 1651 1031 1683 Ἀλλὰ
1055 1653 1108 1683 καὶ

86 1695 231 1731 Θεοξένια
245 1697 338 1729 αὐτοῦ
353 1698 492 1739 ἄγοντος,
509 1697 658 1730 ἐκάλεσαν
671 1698 763 1729 αὐτὸν
779 1699 806 1729 οἱ
831 1698 1016 1741 Διόσκουροι
1034 1699 1108 1741 πρὸς

86 1741 199 1775 Βάττον
223 1744 253 1780 ἐς
275 1745 435 1787 Κυρήνην,
460 1746 514 1777 καὶ
537 1745 650 1784 ἀνέστη
671 1756 705 1777 τε
726 1745 807 1786 ἔχων
831 1746 952 1786 σιλφίου
979 1746 1106 1777 καυλόν.

86 1788 134 1820 Ad
149 1789 218 1821 haec
233 1791 410 1824 Meinekius
421 1792 455 1823 in
472 1796 595 1832 Fragm.
611 1793 737 1824 Poetar.
749 1796 838 1824 Com.
858 1792 967 1833 Antiq.
983 1794 1105 1825 volum.

86 1837 129 1875 11,
138 1838 172 1868 P.
188 1840 229 1877 11,
237 1846 268 1878 p.
283 1841 356 1870 1231
370 1847 377 1869 z
392 1842 456 1870 «Ex
462 1839 658 1879 Theopompi
670 1837 854 1879 Philippicis
865 1839 935 1871 haec
941 1839 1110 1880 desumpta

86 1890 154 1915 esse
174 1883 242 1924 ipse
261 1886 438 1926 praesertim
465 1886 621 1918 indicavit
639 1885 770 1926 suidas;
795 1886 868 1918 hinc
890 1889 1039 1928 prompta
1062 1890 1110 1920 est

87 1930 273 1971 conjectura
284 1956 293 1972 ‚
310 1932 417 1964 locum
439 1941 479 1965 ex
495 1941 533 1965 ea
548 1933 702 1965 uberrimi
714 1933 888 1974 multisque
908 1934 1110 1975 digressioni-

87 1975 149 2008 bus
161 1978 270 2010 referti
283 1980 387 2020 operis
402 1981 494 2020 parte
517 1982 708 2021 excerptum
723 1989 809 2020 esse,
822 1980 857 2012 in
870 1990 934 2021 qua
949 1983 1110 2014 Crotonia-

87 2025 195 2056 tarum
208 2025 332 2058 cladem
347 2027 387 2058 ad
399 2030 527 2067 Sagram
542 2026 678 2060 fluvium
693 2036 712 2059 a
723 2029 931 2060 Locrensibus
946 2032 1110 2071 acceptam

87 2072 309 2114 descripserat.
335 2079 424 2107 Hanc
441 2075 615 2107 luctificam
629 2075 714 2107 enim
731 2076 959 2116 potentissimae
971 2078 1112 2110 civitatis

90 2119 213 2152 cladem
223 2121 272 2161 ,in
285 2131 347 2162 qua
362 2122 507 2154 ornanda
519 2122 719 2164 Theopompi
731 2123 894 2162 ingenium
907 2124 958 2155 vel
971 2125 1111 2156 maxime

90 2167 233 2200 exultare
253 2170 394 2209 poterat,
415 2178 480 2201 non
494 2170 647 2202 indictam
670 2170 907 2210 praetermisisse
925 2171 1112 2204 historicum

90 2213 286 2246 mirabilium
302 2225 410 2247 rerum
425 2217 668 2249 aventissimum
680 2241 688 2257 ‚
706 2225 746 2248 ex
759 2217 845 2256 Troji
858 2219 999 2258 Pompeii
1013 2220 1112 2260 epito-

90 2262 216 2293 matore
232 2262 431 2303 intelligitur,
456 2264 513 2304 qui
528 2264 606 2295 satis
620 2264 817 2295 luculentam
833 2264 917 2296 illius
942 2265 1043 2297 cladis
1055 2267 1111 2298 de-

91 2309 297 2349 scriptionem
322 2310 467 2341 exhibuit
488 2310 542 2342 lib.
557 2315 629 2350 XX,
643 2319 672 2342 c.
697 2315 715 2341 2
728 2319 776 2350 sq.
796 2309 847 2351 [ex
861 2311 982 2352 Theop.
995 2313 1112 2354 Philip-

91 2355 155 2397 pic.
171 2356 253 2388 libro
267 2360 347 2396 XX1;
361 2365 392 2389 v.
407 2356 526 2398 supra].
535 2361 671 2397 Trogum
683 2357 871 2397 Pompeium
884 2360 993 2390 autem
1007 2361 1113 2392 totum

92 2412 160 2436 sese
181 2403 222 2436 ad
241 2404 457 2444 Theopompei
472 2404 578 2444 operis
593 2404 802 2436 imitationem
825 2406 1043 2445 composuisse
1056 2417 1113 2439 ne-

93 2449 213 2481 minem
238 2450 330 2490 fugit.
348 2454 419 2482 Non
437 2451 547 2482 tamen
570 2451 722 2487 αὐτολεξεὶ
747 2451 946 2492 Theopompi
973 2453 1079 2485 locum
1095 2464 1114 2486 a

94 2495 191 2528 suida
212 2497 372 2529 redditum
388 2506 474 2538 esse,
501 2498 596 2529 docet
616 2499 685 2529 tota
699 2498 941 2539 compositionis
964 2501 1066 2541 ratio,
1081 2502 1115 2533 in

94 2551 159 2583 qua
188 2544 445 2585 Theopompeam
468 2545 675 2586 expositionis
699 2546 958 2586 perspicuitatem
984 2549 1016 2579 et
1039 2557 1114 2581 ora-

37 2621 50 2634 s
94 2591 190 2623 tionis
201 2592 275 2632 apte
286 2592 547 2632 coagmentandae
559 2592 745 2624 facultatem
757 2592 927 2626 desideres.
937 2595 1015 2635 Quis
1030 2597 1115 2629 enim

95 2638 220 2677 credat,
237 2640 273 2670 ut
289 2639 350 2670 hoc
364 2648 464 2670 unum
479 2648 747 2680 commemorem,
763 2639 804 2672 ab
819 2641 889 2681 ipso
910 2642 1116 2685 Theopompo

96 2694 161 2718 non
184 2686 357 2718 dilucidius
384 2686 579 2727 explicatum
605 2687 722 2727 ruisse,
741 2688 816 2727 quis
845 2687 940 2720 fuerit
966 2689 1037 2730 ille,
1060 2692 1115 2732 qui

97 2732 253 2765 medelam
278 2733 460 2765 Phormioni
484 2733 631 2765 attulisse
655 2733 793 2774 dicitur,
814 2736 988 2774 Spartanus
1013 2737 1115 2769 adole-

97 2784 207 2814 scens?
222 2784 423 2822 Quamquam
447 2781 631 2821 diligentius
648 2782 681 2813 in
697 2791 765 2814 rem
785 2782 962 2823 inquirenti
981 2793 1046 2815 non
1061 2785 1118 2816 du-

98 2829 186 2861 bium
202 2828 374 2869 videbitur,
391 2829 469 2869 quin
484 2829 511 2860 is
527 2838 610 2860 unus
623 2829 718 2861 suerit
733 2830 1001 2870 Tyndaridarum.
1021 2834 1068 2863 Ita
1083 2835 1118 2865 ut

99 2877 250 2916 statuam,
267 2875 344 2907 facit
367 2875 524 2916 imprimis
536 2876 697 2908 simillima
720 2877 871 2917 alterius,
885 2887 950 2918 quo
977 2880 1119 2911 Crotoni-

99 2923 162 2954 atae
184 2922 216 2954 in
242 2923 351 2963 praelio
376 2922 431 2954 illo
458 2923 509 2954 usi
536 2924 629 2962 sunt,
646 2923 847 2964 imperatoris
869 2924 1007 2957 fortuna.
1040 2930 1118 2958 Rem

100 2971 209 3001 narrat
235 2970 404 3001 Pausanias
428 2973 493 3009 ΙΙΙ,
513 2973 573 3002 19:
599 2971 651 3007 Ἐς
676 2971 788 3009 ταύτην
818 2973 828 3010 (
846 2971 980 3003 insulam
994 2976 1119 3004 Leucen

99 3015 198 3054 dicit)
222 3019 342 3058 πρῶτος
368 3017 535 3048 ἐσπλεῦσαι
558 3018 677 3058 λέγεται
701 3018 913 3059 Κροτωνιάτης
941 3020 1117 3060 Λεώνυμος.

100 3063 243 3103 Πολέμου
252 3063 310 3104 γὰρ
322 3063 546 3104 Κροτωνιάταις
558 3065 780 3103 συνεστηκότος
793 3065 866 3106 πρὸς
878 3065 948 3102 τοὺς
961 3065 992 3097 ἐν
1006 3066 1120 3107 Ἰταλίᾳ

2039 153 2186 181 LXXVII

1397 229 1942 287 PHYLARCHUS.

1218 327 1352 365 Suidas
1385 343 1393 365 :
1425 327 1636 381 Φύλαρχος,
1671 327 1847 374 Ἀθηναῖος
1875 326 2183 381 ἢΝαυκρατίτης·

1165 385 1196 421 οἱ
1218 383 1254 422 δὲ
1276 386 1465 424 Σικυώνιον
1478 417 1488 434 ,
1513 386 1611 425 ἄλλοι
1632 385 1669 424 δὲ
1689 387 1879 437 Αἰγύπτιον
1899 384 2072 439 ἔγραψαν·
2091 388 2187 424 ἵστο-

1166 441 1269 494 ρικός.
1297 443 1374 490 Τὴν
1390 444 1447 482 ἐπὶ
1468 444 1737 491 Πελοπόννησον
1759 444 1901 499 Πύῤῥου
1927 449 1986 483 τοῦ
2006 444 2185 499 Ἢπειρώ<

1163 515 1224 538 του
1256 501 1437 554 στρατείαν
1458 504 1492 541 ἐν
1517 503 1660 555 βιὸλίοις
1681 503 1757 551 κη’·
1776 503 1921 556 κατάγει
1945 502 1982 542 δὲ
2004 503 2063 541 καὶ
2081 503 2187 558 μέχρι

1166 559 1389 609 Πτολεμαίου
1399 590 1408 608 ,
1427 565 1487 598 τοῦ
1502 560 1695 612 Εὐεργέτου
1709 561 1913 610 κληθέντος,
1926 561 1986 600 καὶ
2001 564 2062 609 τῆς
2081 564 2186 615 Βερε-

1163 615 1262 664 νίκης
1277 619 1456 665 τελευτῆς,
1476 619 1534 657 καὶ
1549 620 1613 662 ἕως
1631 623 1690 657 τοῦ
1704 621 1851 660 θανάτου
1866 620 2082 673 Κλεωνύμου
2099 624 2186 673 (scr.

1165 673 1397 727 Κλεομένους)
1433 680 1493 714 τοῦ
1529 678 1825 729 Λακεδαιμονίου,
1856 678 2188 732 ἐπιστρατεύσαντος

1165 734 1260 786 αὐτῷ
1277 733 1482 785 Ἀντιγόνου.
1499 733 1558 773 Τὰ
1574 733 1664 772 κατὰ
1679 735 1737 773 τὸν
1756 736 1931 788 Ἀντίοχον
1947 737 2006 775 καὶ
2023 737 2080 776 τὸν
2095 739 2188 789 Περ-

1164 791 1321 843 γαμηνὸν
1350 792 1506 843 Εὐμένη.
1535 792 1733 843 Ἐπιτομὴν
1764 795 1922 844 μυθικήν.
1943 795 2032 848 Περὶ
2049 798 2110 843 τῆς
2128 799 2187 834 τοῦ

1164 850 1244 894 Διὸς
1263 850 1474 904 ἐπιφανείας.
1497 850 1587 903 Περὶ1
1606 851 1825 904 εὑρημάτων.
1843 853 2110 906 Παρεμὸοίσεων
2131 856 2188 892 Βι-

1165 908 1246 947 ὅλία
1264 912 1309 947 θ’.

1219 969 1390 1006 Eudocia
1411 982 1450 1019 p.
1475 974 1548 1013 [222
1575 982 1583 1005 :
1608 966 1798 1021 Φύλαρχος
1820 968 2020 1018 Ἀθηναῖος,
2038 971 2130 1008 κατὰ
2151 970 2189 1009 δέ

1164 1041 1260 1070 τινας
1276 1025 1540 1079 Ναυκρατίτης,
1560 1028 1591 1063 οἱ
1619 1025 1656 1064 δὲ
1684 1024 1873 1077 Αἰγύπτιον
1895 1026 2066 1081 ἔγραψαν,
2088 1031 2188 1067 ἱστο-

1168 1084 1280 1137 ρικός·
1315 1084 1444 1138 ἔγραψε
1480 1083 1543 1131 τὴν
1571 1083 1629 1122 ἐπὶ
1665 1084 1932 1131 Πελοπόννησον
1964 1085 2103 1139 Πύρρου
2127 1091 2188 1126 τοῦ

1167 1143 1385 1198 Ἠπειρώτου
1425 1143 1607 1197 στρατείαν
1642 1145 1677 1181 ἐν
1704 1143 1848 1196 βιὸλίοις
1875 1145 1951 1190 κη’·
1979 1146 2124 1196 κατάγει
2152 1146 2190 1185 δὲ

1166 1202 1225 1241 καὶ
1251 1202 1356 1256 μέχρι
1376 1202 1599 1254 Πτολεμαίου
1627 1207 1686 1241 τοῦ
1720 1202 1913 1255 Εὐεργέτου
1938 1203 1997 1241 καὶ
2026 1206 2087 1250 τῆς
2121 1206 2190 1242 Βε-

1167 1285 1196 1322 ἐς
1209 1289 1303 1323 νῆσον
1315 1286 1369 1324 τὴν
1382 1285 1516 1325 Λευκὴν,
1534 1285 1664 1316 ἐνταῦθα
1685 1285 1818 1316 εἰποῦσα
1830 1284 1914 1324 αὐτῷ
1935 1284 2124 1325 φανήσεσθαι
2140 1285 2191 1316 τὸν

1166 1331 1285 1363 Α’ίαντα
1312 1333 1364 1363 καὶ
1393 1332 1560 1363 ἀκέσεσθαι
1588 1331 1623 1362 τὸ
1646 1334 1780 1373 τραῦμα.
1808 1331 1933 1371 Quibus
1957 1330 2072 1362 similia
2097 1332 2194 1363 tradit

1167 1380 1279 1410 Conon
1304 1378 1389 1419 apud
1406 1379 1556 1410 Photium
1573 1378 1645 1410 cod.
1676 1381 1745 1417 186,
1766 1387 1798 1418 p.
1820 1381 1878 1410 133
1895 1377 1944 1409 ed.
1975 1377 2071 1410 Bekk.
2088 1378 2193 1410 Credi-

1166 1428 1237 1458 tum
1256 1425 1353 1465 igitur
1368 1426 1415 1457 est
1430 1427 1630 1465 Leonymum
1646 1426 1678 1456 et
1691 1425 1896 1457 vulneratum
1917 1425 1949 1456 et
1964 1426 2111 1456 sanatum
2128 1434 2194 1456 esse

1167 1474 1208 1505 ab
1223 1474 1317 1513 Aiace
1331 1472 1412 1504 Oilei
1427 1471 1502 1503 filio.
1522 1476 1591 1503 Jam
1605 1472 1778 1503 Dioscuros
1793 1472 1828 1503 in
1843 1471 1953 1512 praelio
1966 1471 2112 1511 Sagrensi
2127 1480 2192 1502 non

1167 1519 1377 1559 crotoniatis,
1393 1519 1449 1551 sed
1465 1519 1674 1550 Locrensibus
1694 1515 1814 1550 favisse
1840 1519 1966 1550 constat
1986 1527 2027 1550 ex
2047 1518 2191 1550 testimo-

1168 1568 1221 1599 nio
1238 1567 1354 1599 Justini
1375 1566 1431 1598 lib.
1449 1570 1522 1604 XX,
1538 1569 1556 1597 3
1575 1575 1583 1596 ε
1606 1566 1849 1606 Puqnantibus
1869 1567 1983 1597 Locris
2006 1566 2127 1606 aquila
2151 1566 2195 1597 ab

1167 1617 1240 1646 acie
1253 1622 1431 1655 nunquam
1454 1614 1602 1653 recessit,
1618 1612 1737 1654 eosq‘ue
1762 1614 1834 1644 tam
1854 1612 1915 1644 diu
1929 1612 2196 1644 circumvolavit

1167 1660 1282 1701 quoad
1317 1661 1504 1692 vincerent.
1532 1660 1575 1690 In
1605 1658 1764 1690 cornibus
1796 1665 1929 1698 quoque
1962 1657 2030 1689 duo
2047 1658 2195 1697 juvenes

1168 1706 1303 1738 diverso
1326 1714 1348 1737 a
1362 1707 1482 1737 ceteris
1507 1713 1688 1736 armorum
1704 1704 1849 1744 habitu,
1878 1705 2006 1736 eximia
2020 1706 2195 1744 maqm'cu-

1168 1753 1259 1793 dine,
1274 1754 1307 1784 et
1328 1751 1418 1784 albis
1435 1753 1529 1792 equis
1543 1753 1578 1783 et
1588 1753 1748 1783 coccineis
1761 1751 2024 1791 paludamentis
2036 1760 2197 1791 puqnare

1168 1801 1233 1832 visi
1248 1800 1417 1836 sunt‚.nec
1427 1798 1526 1829 ultra
1543 1799 1789 1837 apparuerunt
1803 1805 1910 1838 quam
1921 1799 2121 1837 puqnatum
2134 1799 2194 1828 est.

1168 1851 1253 1878 Pone
1275 1846 1374 1886 igitur
1389 1844 1617 1876 Phormionem
1636 1845 1840 1876 vulneratum
1863 1844 1958 1875 ruisse
1980 1844 2021 1874 ab
2042 1844 2197 1875 alterutro

1168 1893 1427 1934 Tyndaridarum
1438 1916 1447 1932 ‚
1467 1893 1500 1923 et
1514 1891 1645 1923 habebis
1661 1892 1753 1932 plane
1767 1891 1934 1931 gemellam
1956 1891 2124 1931 utriusque
2139 1890 2196 1922 du-

1169 1941 1214 1972 cis
1236 1941 1410 1972 sortunam.
1435 1939 1538 1970 Ambo
1554 1938 1699 1978 ejusdem
1721 1938 1880 1969 exercitus
1902 1937 2000 1969 duces
2026 1937 2141 1968 eodem
2164 1937 2197 1967 in

1168 1987 1282 2027 praelio
1306 1995 1401 2025 grave
1421 1986 1453 2017 et
1477 1985 1620 2016 humana
1640 1993 1701 2025 ope
1721 1984 1897 2016 insanabile
1914 1983 2032 2014 vulnus
2053 1991 2197 2022 suscepe-

1170 2035 1257 2073 runt,
1274 2033 1369 2064 ambo
1386 2032 1426 2063 ab
1450 2032 1582 2063 oraculo
1607 2031 1742 2063 medelae
1765 2030 1924 2061 rationem
1947 2030 2120 2069 expetunt,
2134 2037 2197 2059 am-

1170 2080 1274 2112 bobus
1286 2079 1427 2110 vulneris
1443 2078 1578 2110 sanandi
1606 2086 1678 2118 spes
1702 2077 1881 2109 ostenditur
1897 2076 1938 2107 ab
1957 2076 1996 2107 iis
2009 2076 2065 2116 qui
2082 2076 2199 2106 vulnus

1169 2127 1247 2168 ipsis
1270 2127 1472 2158 inflixerant:
1489 2130 1673 2165 Leonymus
1686 2124 1826 2155 insulam
1855 2127 1980 2155 Leucen
2007 2123 2094 2154 adire
2110 2122 2197 2162 juhe-

1169 2176 1235 2214 tur,
1254 2174 1286 2205 in
1312 2183 1376 2214 qua
1401 2174 1547 2204 versatur
1574 2171 1678 2212 Ajacis
1706 2170 1871 2202 Locrensis
1899 2169 2029 2207 umbra,
2047 2169 2197 2200 Phormio

1170 2223 1316 2262 Spartam
1346 2220 1554 2260 commigrat,
1587 2220 1755 2251 Castorum
1797 2217 1905 2250 sedem
1943 2216 2196 2256 sanctissimam3

1170 2268 1267 2299 ambo
1288 2266 1426 2307 denique
1450 2266 1517 2298 voti
1541 2266 1705 2306 compotes
1731 2264 1807 2296 sacti
1833 2263 1944 2304 pati-iae
1972 2263 2195 2294 restituuntur.

1171 2314 1267 2346 Plane
1282 2315 1390 2345 autem
1405 2313 1574 2344 confirmat
1590 2313 1673 2343 hanc
1688 2311 1806 2342 fabulae
1830 2310 2084 2349 redintegrandae
2099 2310 2197 2341 ratio-

1171 2370 1246 2393 nem
1270 2361 1338 2401 ipse
1361 2361 1597 2401 Theopompeae
1617 2358 1809 2390 narrationis
1826 2362 1916 2389 tenor
1940 2359 1973 2388 et
1989 2356 2194 2388 continuitas.

1171 2412 1284 2440 Nonne
1311 2407 1397 2439 enim
1423 2416 1498 2448 quae
1522 2407 1556 2438 in
1579 2406 1643 2437 fine
1659 2405 1700 2437 de
1717 2404 1919 2436 Phormionis
1943 2403 2130 2435 evocatione
2155 2403 2196 2434 ad

1172 2456 1300 2487 Battum
1314 2463 1371 2495 per
1388 2454 1559 2485 Dioscuros
1580 2453 1756 2492 adduntur,
1772 2451 1849 2483 ἀλλὰ
1870 2452 1923 2482 καὶ
1940 2450 2082 2485 Θεοξένια
2103 2449 2197 2480 αὐτοῦ

1172 2502 1299 2543 ἄγοντος
1323 2503 1386 2533 etc.
1401 2525 1410 2541 ,
1429 2502 1538 2542 aperte
1559 2500 1801 2539 demonstrant,
1824 2497 2025 2538 praecessisse
2051 2495 2194 2536 aliquid,

1172 2549 1206 2581 in
1219 2558 1284 2590 quo
1300 2548 1476 2580 eorundem
1491 2548 1625 2579 heroum
1637 2547 1686 2577 vis
1701 2547 1734 2577 et
1749 2545 1891 2585 potestas
1907 2541 2109 2573 manifestata
2124 2542 2196 2572 est?

1173 2597 1321 2637 Denique
1347 2605 1388 2627 ne
1414 2595 1492 2626 illud
1518 2594 1649 2635 quidem
1675 2591 1889 2624 omittendum
1917 2590 1981 2628 est,
1996 2588 2040 2619 ita
2065 2587 2196 2618 demum

1174 2643 1286 2685 perfici
1308 2643 1341 2675 et
1356 2641 1478 2674 absolvi
1503 2639 1746 2673 similitudinem
1762 2635 1944 2669 Phormioni
1970 2643 2044 2665 cum
2067 2634 2197 2674 Telephi

1174 2693 1259 2723 sorte
1277 2689 1448 2722 manifeste
1469 2687 1900 2720 intercedentem—Unum
1921 2681 2004 2721 quod
2026 2680 2198 2712 dubitatio-

1174 2746 1251 2769 nem
1267 2737 1370 2768 t'acere
1389 2735 1492 2777 possit
1511 2735 1573 2765 hoc
1588 2734 1655 2772 est,
1671 2731 1757 2772 quod
1784 2730 1861 2761 alias
1877 2727 2023 2759 Dioscuri
2045 2735 2111 2758 non
2133 2726 2197 2757 sin-

1175 2784 1241 2825 guli
1260 2785 1293 2816 et
1320 2783 1471 2822 seorsim,
1500 2781 1557 2812 sed
1584 2779 1679 2811 ambo
1700 2776 1897 2816 conjunctim
1917 2772 2104 2804 mortalibus
2127 2781 2196 2804 sese

1176 2830 1416 2871 conspiciendos
1434 2829 1587 2870 praebent.
1609 2826 1667 2857 Sed
1683 2826 1792 2856 tamen
1808 2831 1848 2853 ne
1869 2820 1949 2852 illud
1968 2819 2100 2860 quidem
2128 2820 2198 2851 sine

1176 2876 1330 2917 exemplis
1341 2876 1438 2907 fuisse
1447 2899 1455 2914 ,
1469 2875 1586 2906 docent
1598 2871 1740 2910 Gallieni,
1752 2868 1895 2900 Postumi
1907 2869 1939 2898 et
1950 2868 2037 2899 Getae
2049 2867 2175 2898 nummi
2188 2891 2197 2906 ,

1177 2933 1316 2965 quorum
1331 2924 1365 2954 in
1377 2931 1489 2954 aversa
1502 2923 1592 2961 parte
1605 2919 1791 2950 adolescens
1801 2916 1914 2948 dextra
1927 2923 2048 2955 equum
2064 2914 2198 2946 habenis

1176 2974 1309 3009 tenens,
1324 2969 1451 3000 sinistra
1471 2968 1593 2998 hastam
1609 2965 1736 3004 gestans
1752 2961 1961 3002 conspicitur,
1986 2969 2062 2991 cum
2078 2960 2197 3000 epigra-

1178 3018 1241 3058 phe
1262 3020 1395 3048 CASTon.
1413 3014 1492 3045 Vide
1509 3014 1624 3053 praeter
1640 3010 1780 3042 Ecklielii
1798 3010 1906 3040 Doctr.
1924 3016 2013 3039 num.
2038 3009 2198 3039 Hemster-

1179 3065 1307 3095 husium
1323 3063 1363 3093 ad
1376 3061 1494 3093 Polluc.
1509 3063 1549 3099 ΙΙ,
1567 3069 1598 3099 p.
1621 3060 1708 3089 1027.
1724 3060 1769 3088 Ac
1786 3064 1827 3087 ne
1842 3055 1990 3095 poterant
2008 3053 2137 3094 quidem
2149 3078 2158 3093 ‚
2173 3054 2198 3085 si

102 3110 239 3151 Λοκροὺς
251 3135 259 3148 ,
276 3112 337 3140 τῶν
353 3111 483 3151 Λοκρῶν
499 3111 579 3141 κατὰ
606 3111 780 3149 οἰκειότητα
807 3112 880 3154 πρὸς
909 3113 977 3149 τοὺς
993 3113 1120 3144 Ὀπουν,
1149 3115 1151 3152 ς
1179 3110 1258 3151 quid
1274 3109 1379 3147 video,
1397 3107 1492 3139 ambo
1510 3106 1603 3137 simul
1618 3103 1809 3145 Tyndaridae
1824 3101 2008 3134 Phormioni
2020 3100 2054 3133 in
2067 3109 2198 3140 conspe-

102 3155 184 3191 τίους
201 3157 316 3186 Αἴαντα
333 3156 385 3187 τὸν
407 3157 553 3193 Ὀῐκλέως
575 3157 604 3193 ἐς
620 3158 673 3194 τὰς
699 3158 799 3199 μάχας
825 3158 1085 3199 ἐπικαλουμένων,
1104 3161 1121 3190 ὁ
1149 3153 1151 3208 J
1180 3160 1268 3188 ctum
1284 3165 1318 3187 se
1340 3155 1426 3186 dare.
1451 3158 1531 3186 Nam
1557 3160 1658 3192 quum
1674 3160 1739 3182 non
1754 3150 1866 3189 ambo,
1881 3148 2001 3190 quippe
2017 3148 2050 3179 in
2064 3147 2198 3179 diversis

102 3202 268 3242 Λεώνυμος
297 3203 520 3245 Κροτωνιάταις
555 3207 734 3245 στρατηγῶν
764 3205 850 3246 ἐπῄει
885 3209 947 3241 τοῖς
978 3206 1121 3242 ἐναντίοις

1179 3204 1259 3236 aciei
1274 3202 1425 3234 cornibus
1451 3201 1639 3232 dimicantes
1651 3224 1660 3239 ‚
1677 3198 1935 3231 crotoniatarum
1949 3196 2065 3227 ducem
2086 3194 2199 3226 vulne-

104 3248 183 3279 κατὰ
194 3250 295 3287 τοῦτο,
308 3249 328 3289 ἦ
343 3249 545 3291 προτετάχθαι
563 3251 666 3291 σφίσιν
683 3251 800 3282 Αἴαντα
809 3253 932 3289 ἤκουεν.
950 3253 1121 3294 Τιτρώσκε.
1149 3260 1153 3292 'i
1180 3259 1266 3282 rasse
1280 3249 1463 3286 videantur,
1477 3249 1727 3278 consentaneum
1744 3246 1792 3277 est
1813 3245 1900 3275 hunc
1926 3242 1967 3274 ab
1990 3251 2028 3273 eo
2049 3243 2174 3272 tantum
2187 3264 2196 3279 ‚

105 3305 154 3325 ται
172 3294 209 3331 δὴ
222 3294 257 3325 τὸ
276 3295 409 3337 στέρνον,
426 3298 478 3328 καὶ
497 3297 622 3338 (ἔκαμνε
637 3298 693 3339 γὰρ
712 3298 772 3329 ὑπὸ
787 3302 841 3330 τοῦ
860 3299 1041 3341 τραύματος)
1059 3299 1122 3339 ἀφί-

106 3351 177 3372 κετο
199 3341 228 3378 ἐς
242 3342 384 3383 Δελφούς.
401 3343 547 3375 Ἐλθὸντα
562 3345 594 3376 δὲ
606 3346 625 3382 ἡ
644 3345 745 3376 Πυθία
759 3346 925 3386 Λεώνυμον
941 3345 1122 3377 ἀπέστελλεν
1149 3374 1153 3381 ,

1180 3298 1236 3338 qui
1253 3296 1370 3327 vulnus
1389 3295 1419 3326 ei
1434 3293 1620 3333 inflixisset,
1636 3294 1669 3325 et
1686 3291 1822 3333 hospitio
1835 3291 2006 3331 exceptum
2021 3289 2054 3320 et
2069 3287 2195 3319 sanitati

1182 3343 1370 3375 restitutum
1386 3349 1485 3374 esse.»
