2320 3684
674 142 1008 185 APOLLODORI
1031 147 1388 191 BlBLIOTHECAE
1407 153 1480 204 111,
1505 162 1538 193 1.

51 226 286 282 Σαρπηδόνα,
323 228 582 281 Ῥαδάμανθυν.
615 229 705 269 Καθ’
728 229 893 285 “Ομηρον
920 230 957 269 δὲ
978 234 1078 286 Σαρ-

49 285 170 334 πηδὼν
201 289 241 326 ἐκ
280 287 363 332 Διὸς
398 288 457 326 καὶ
480 287 703 339 Λαοδαμείας
742 291 805 335 τῆς
842 289 1078 344 Βελλεροφόν-

48 360 121 384 του.
163 346 181 371 ⁶
195 346 360 400 Ἀφανοῦς
395 345 433 384 δὲ
469 345 642 400 Εὐρώπης
673 346 886 398 γενομένης,
914 351 933 386 ὁ
958 347 1077 403 πατὴρ

49 406 156 452 αὐτῆς
188 405 343 458 Ἀγήνωρ
367 405 425 443 ἐπὶ
454 404 597 453 ζήτησιν
626 404 801 460 ἐξέπεμψε
829 406 907 450 τους
936 408 1077 457 παῖδας,

48 461 154 502 εἷπὼν
189 464 238 516 μὴ
259 463 423 518 πρότερον
449 463 676 519 ἀναστρέφειν
705 465 785 520 πρὶν
816 465 856 504 ἂν
894 465 1076 520 ἐξεύρωσιν

48 521 239 576 Εὐρώπην.
257 521 470 569 7Συνεξῆλθε
482 521 517 560 δὲ
532 523 589 562 ἐπὶ
605 522 669 571 τὴν
688 524 832 572 ζήτησιν
842 527 949 572 αὐτῆς
962 524 1079 573 Τηλέ-

48 595 170 634 φασσα
189 584 211 628 ἡ
231 579 368 634 μήτηρ,
388 580 448 619 καὶ
468 581 588 626 Θάσος
606 585 624 620 ὁ
638 583 868 627 Ποσειδῶνος·
889 585 936 627 ὣς
952 582 988 622 δὲ
1003 586 1079 624 Φε-

48 639 193 693 ρεκύδης
212 639 324 701 φησὶ,
332 639 486 684 Κίλικος.
508 640 588 684 8Ὡς
606 639 642 679 δὲ
658 647 776 680 πᾶσαν
796 641 998 694 ποιούμενοι
1018 642 1078 690 ζή-

45 714 147 746 τησιν
167 701 275 753 εὑρεῖν
301 702 390 746 ἠσαν
408 698 586 753 Εὐρώπην
613 699 799 750 ἀδύνατοι,
823 701 887 749 τὴν
914 703 962 745 εἷς
982 705 1075 740 οἷκον

47 757 263 810 ἀνακομιδὴν
283 758 509 810 ἀπογνόντες,
537 759 642 803 ἄλλος
672 761 830 813 ἀλλαχοῦ
860 760 1076 815 κατῴκισαν,

47 815 171 862 Φοῖνιξ
190 817 253 868 μὲν
271 818 465 867 Φοινίκην,
496 817 598 863 Κίλιξ
627 816 682 867 δὲ,
718 819 891 867 Φοινίκης
911 820 1075 870 πλησίον,

39 874 105 913 ’καὶ
124 881 241 914 πᾶσαν
270 874 334 922 τὴν
358 875 414 930 ὑφ’
434 878 558 914 ἑαυτοῦ
580 874 745 927 κειμένην
770 875 905 931 χώραν,
926 881 1076 931 ποταμῷ

46 931 212 985 σύνεγγυς
231 933 408 988 Πυράμῳ,
426 933 590 973 Κιλικίαν
608 934 772 974 ἐκάλεσε·
791 936 936 987 Κάδμος
956 935 993 975 δὲ
1016 937 1076 976 καὶ

45 991 265 1046 Τηλέφασσα
287 994 322 1031 ἐν
347 992 476 1047 Θράκῃ
507 993 732 1048 κατῴκησαν.
767 994 923 1047 Ὁμοίως
954 995 991 1034 δὲ
1016 996 1076 1035 καὶ

45 1050 166 1095 Θάσος
182 1052 218 1089 ἐν
236 1050 364 1105 Θρᾴκῃ
381 1052 504 1096 κτίσας
523 1051 639 1102 πόλιν,
656 1053 792 1102 Θάσον,
810 1053 1029 1108 κατῴκησεν.

99 1110 156 1162 (2)
174 1109 349 1164 Εὐρώπην
375 1110 411 1150 δὲ
428 1110 546 1163 γήμας
564 1111 756 1166 Ἀστερίων,
768 1115 786 1151 ὃ
803 1114 955 1167 Κρητῶν
974 1113 1077 1153 δυνά-

45 1184 130 1217 στης
141 1200 151 1218 ,
167 1168 247 1213 τοὺς
263 1171 302 1207 ἐκ
318 1168 449 1218 ταύτης
467 1171 593 1214 παῖδας
609 1169 760 1244 ἔτρεφεν.
782 1170 854 1210 2Οἱ
872 1170 922 1220 δὲ,
943 1174 990 1216 ὡς
1005 1174 1078 1211 ἐτε-

43 1227 262 1277 λειώθησαν,
286 1228 371 1283 πρὸς
389 1229 596 1277 ἀλλήλους’
581 1230 814 1269 εστασίασαν·
841 1229 982 1283 ἴσχουσι
1009 1231 1076 1286 γὰρ

44 1286 159 1363 ἔρωτα
181 1287 325 1337 παιδος,
353 1287 389 1332 ὃς
411 1290 568 1328 ἐκαλεῖτο
586 1289 766 1337 Μίλητος·
792 1289 1010 1335 Ἀπόλλωνος
1040 1291 1076 1330 δὲ

43 1341 86 1394 ην
103 1351 163 1386 καὶ
183 1346 314 1401 Ἀρείας
329 1350 391 1394 τῆς
412 1347 583 1401 Κλεόχου.
606 1350 680 1387 Του
699 1347 735 1387 δὲ
753 1348 876 1392 παιδὸς
890 1349 975 1403 πρὸς
983 1352 1078 1405 Σαρ-

42 1407 179 1454 πηδόνα
203 1408 336 1457 μᾶλλον
363 1406 498 1451 οἰκείως
526 1406 668 1460 ἔχοντος
684 1438 695 1457 ,
727 1407 934 1459 πολεμήσας
958 1409 1077 1454 Μίνως

42 1467 287 1519 ἐπροτέρησεν.
305 1465 321 1491 3
334 1467 380 1504 Οἱ
398 1465 434 1503 δὲ
452 1465 630 1520 φεύγουσι,
647 1482 706 1504 και
724 1466 882 1514 Μίλητος
899 1466 976 1518 μὲν,
995 1470 1077 1507 Kar-

43 1524 101 1578 ρία
117 1524 320 1579 προσσχὼν,
342 1526 413 1563 ἐκεῖ
430 1524 532 1564 πόλιν
550 1525 608 1580 ἀφ’
623 1527 745 1564 ἑαυτοῦ
772 1524 888 1564 ἔκτισε
902 1526 1074 1574 Μίλητον·

42 1582 242 1637 Σαρπηδὼν
265 1582 327 1632 δὲ,
359 1583 601 1636 συμμαχήσας
627 1583 774 1632 Κίλικι,
812 1584 898 1638 πρὸς
924 1585 1076 1630 Λυκίους

40 1640 157 1694 ἔχοντι
175 1640 342 1693 πόλεμον,
363 1641 420 1679 ἐπὶ
439 1640 537 1696 μέρει
555 1645 616 1690 τῆς
631 1641 750 1696 χώρας
762 1673 772 1691 ,
791 1642 928 1687 Λυκίας
947 1642 1074 1682 ἐὸασί-

40 1701 141 1741 λευσε
173 1701 187 1726 ⁴
208 1700 279 1740 Kal
300 1702 394 1753 αὐτῷ
411 1700 532 1738 δίδωσι
552 1699 639 1744 Ζεὺς
661 1700 719 1738 ἐπὶ
739 1706 830 1754 τρεῖς
851 1700 969 1752 γενεὰς
998 1703 1072 1754 ζῇν.

42 1755 156 1799 Ἔνιοι
180 1759 216 1798 δὲ
239 1759 341 1798 αὐτὸν
370 1761 560 1813 ἐρασθῆναι
585 1759 745 1811 λέγουσιν
765 1758 949 1812 Ἀτυμνίου
965 1790 975 1809 ,
1010 1765 1072 1799 τοῦ

39 1818 131 1863 Διὸς
147 1818 206 1857 καὶ
236 1817 476 1862 Κασσιεπείας
490 1849 501 1868 ,
528 1818 588 1857 καὶ
623 1818 680 1857 διὰ
711 1822 831 1857 τοῦτον
866 1819 1071 1858 στασιάσαι.

38 1877 302 1929 ε’Ῥαδάμανθυς
320 1876 370 1927 δὲ,
383 1883 455 1921 τοῖς
465 1876 653 1925 νησιώταις
668 1880 877 1929 νομοθετῶν,
897 1872 992 1923 αὐθις
1009 1895 1073 1933 φυ-

37 1934 108 1988 γὼν
124 1938 171 1980 εἷς
186 1936 372 1985 Βοιωτίαν,
392 1936 593 1988 Ἀλκμήνην
609 1943 729 1988 γαμεῖ.
749 1937 819 1976 Καὶ
838 1938 1070 1989 μεταλλάξας,

38 1997 74 2043 ἐν
90 1995 195 2054 ᾍδου
213 1994 302 2048 μετὰ
319 1998 458 2040 Μίνωος
469 1996 611 2041 δικάζει.
632 1996 772 2040 6Μίνως
783 1996 831 2045 δὲ,
845 1996 988 2051 Κρήτην
1006 2013 1071 2036 κα-

35 2058 161 2107 τοικῶν
181 2086 191 2105 ,
223 2054 356 2110 ἔγραψε
377 2054 516 2107 νόμους.
552 2055 624 2095 Καὶ
647 2055 763 2108 γήμας
787 2056 979 2111 Πασιφάην
1003 2056 1067 2105 τὴν

35 2114 160 2155 Ἡλίου
191 2118 250 2154 καὶ
281 2113 476 2168 Περσηίδος
496 2146 506 2165 ,
535 2118 582 2160 ὡς
598 2115 635 2154 δὲ
669 2116 931 2165 Ἀσκληπιάδης
963 2118 1065 2172 φησὶ,

36 2174 179 2230 Κρήτην
194 2174 258 2223 τὴν
271 2174 446 2229 Ἀστερίου
459 2174 644 2229 θυγατέρα,
659 2177 787 2220 παῖδας
801 2175 864 2227 μὲν
881 2175 1067 2226 ἐτέκνωσε,

35 2234 197 2288 Κατρέα,
214 2234 461 2283 Δευκαλίωνα,
477 2236 652 2284 Γλαῦκον,
671 2233 895 2289 Ἀνδρόγεων·
914 2235 1066 2287 θυγατέ-

36 2308 97 2345 ρας
115 2293 152 2332 δὲ
178 2293 375 2342 Ἀκάλλην,
407 2293 625 2343 Ξενοδίκην,
660 2294 864 2349 Ἀριάδνην,
889 2295 1064 2350 Φαίδραν.

35 2352 103 2392 Ἐκ
119 2352 275 2407 Παρείας
304 2351 340 2391 δὲ
366 2353 518 2407 Νύμφης
536 2352 787 2408 Εὐρυμέδοντα
799 2384 809 2402 ,
830 2354 1064 2408 Νηφαλίωνα,

33 2411 192 2466 Χρύσην,
212 2410 404 2452 Φιλόλαον·
423 2414 462 2451 ἐκ
483 2411 518 2451 δὲ
536 2411 717 2462 Δεξιθέας,
736 2409 939 2458 Εὐξάνθιον.

88 2471 142 2524 (3)
155 2470 375 2525 Ἀστερίωνος
395 2470 431 2509 δὲ
447 2470 593 2516 ἄπαιδος
604 2471 849 2521 ἀποθανόντος,
861 2472 982 2517 Μίνως
994 2476 1064 2526 βα-

33 2529 178 2569 σιλεύειν
210 2529 319 2568 θέλων
352 2529 496 2584 Κρήτης
528 2530 712 2570 ἐκωλύετο.
751 2530 881 2578 Φήσας
914 2531 950 2570 δὲ
966 2531 1064 2587 παρὰ

32 2591 117 2628 θεῶν
133 2589 197 2638 τὴν
214 2589 392 2641 βασιλείαν
411 2588 604 2644 εἰληφέναι,
622 2590 726 2644 χάριν
743 2593 804 2629 τοῦ
820 2594 1061 2642 πιστευθῆναι,

30 2648 110 2704 ἔφη,
127 2649 149 2689 ὅ
160 2666 195 2689 τι
214 2649 254 2688 ἂν
272 2648 425 2699 εὔξηται,
436 2649 609 2702 γενέσθαι.
629 2648 722 2689 2Καὶ
742 2651 940 2690 Ποσειδῶνι
957 2650 1061 2702 θύων,

30 2709 158 2759 ηὔξατο
176 2714 302 2764 ταῦρον
322 2711 599 2765 ἀναφανῆναιέκ
616 2712 686 2749 τῶν
707 2713 834 2763 βυθῶν,
852 2711 1060 2764 ὑποσχόμε-

30 2785 86 2814 νος
101 2769 309 2809 καταθύσειν
326 2769 385 2808 τὸν
401 2768 565 2824 φανέντα.
589 2772 663 2810 Τοῦ
682 2768 719 2808 δὲ
737 2770 959 2815 Ποσειδῶνος
971 2775 1060 2810 ταῦ-

31 2844 88 2884 ρον
103 2828 242 2873 ἀνέντος
261 2830 356 2882 αὐτῷ
373 2830 564 2882 διαπρεπῆ,
583 2828 647 2877 τὴν
669 2828 849 2882 βασιλείαν
865 2829 1058 2884 παρέλαὸε.

29 2887 99 2928 Τὸν
114 2887 151 2926 δὲ
163 2891 290 2942 ταῦρον
307 2890 354 2932 εἷς
370 2887 415 2927 τὰ
431 2887 597 2941 βουκόλια
615 2886 771 2942 πέμψας,
790 2886 908 2927 ἔθυσεν
928 2888 1058 2943 ἕτερον.

28 2945 380 3001 Θαλασσοκρατήσας
399 2946 435 2985 δὲ
450 2949 586 3001 πρῶτος
608 2949 733 2985 πασῶν
749 2949 820 2985 τῶν
836 2946 953 2995 νήσων
971 2963 1060 3000 σχε-

30 3003 86 3044 δὸν
104 3005 266 3059 ὑπῆρξεν.
294 3006 347 3058 (4)
375 3006 574 3058 ’Θργισθεὶς
598 3004 635 3044 δὲ
658 3007 753 3060 αὐτῷ
776 3006 979 3056 Ποσειδῶν,
1006 3006 1060 3046 ὅτι

29 3062 79 3115 μὴ
94 3063 264 3103 κατέθυσε
277 3064 336 3103 τὸν
355 3068 497 3119 ταῦρον,
515 3069 637 3104 τοῦτον
667 3064 730 3117 μὲν
750 3064 961 3119 ἐξηγρίωσε,
979 3067 1060 3105 Πα-

26 3122 156 3177 σιφάην
177 3122 213 3162 δὲ
237 3125 347 3162 ἐλθεῖν
372 3125 419 3168 εἷς
441 3123 629 3176 ἐπιθυμίαν
656 3126 761 3163 αὐτου
781 3124 1056 3179 παρεσκεύασεν.

26 3181 97 3222 2‘H
114 3181 163 3232 δὲ,
179 3184 363 3257 ἐρασθεῖσα
379 3199 439 3222 του
453 3182 596 3237 ταύρου,
605 3183 768 3238 συνεργὸν
787 3183 963 3235 λαμὸάνει
974 3183 1058 3222 Δαί-

28 3240 151 3291 δαλον,
179 3236 259 3285 ὃς
236 3258 279 3289 ην
298 3241 539 3296 ἀρχιτεκτων,
566 3242 745 3297 πεφευγὼς
767 3242 802 3288 ἐξ
819 3243 970 3290 Ἀθηνῶν
997 3258 1055 3280 επι

27 3298 130 3354 φόνῳ.
151 3295 265 3344 Ουτος
283 3300 421 3350 ξυλίνην
441 3303 557 3353 βουν’
542 3302 600 3341 επι
616 3304 753 3356 τροχῶν
771 3301 1053 3349 κατασκευάσας,

26 3358 85 3397 και
111 3357 241 3407 ταύτην
261 3359 379 3398 λαὸὼν
401 3361 460 3399 καὶ
482 3360 647 3404 κοιλάνας
672 3360 821 3409 ἔσωθεν,
843 3359 998 3413 ἐκδείρας
1014 3375 1051 3397 τε

2092 166 2157 201 151

1134 247 1176 279 At
1190 249 1322 282 Homeri
1339 251 1528 284 testimonio
1542 253 1707 295 Sarpedon
1719 263 1760 288 ex
1773 257 1857 288 Jove
1871 258 1903 288 et
1916 256 2090 289 Laodamia
2101 258 2165 290 Bel-

1134 304 1330 347 lerophontis
1348 309 1414 342 filia
1432 312 1527 343 natus
1538 313 1597 344 est.
1619 315 1750 351 ⁶Quiim
1764 323 1841 348 vero
1860 317 1987 357 Europa
2003 325 2165 356 nusquam

1135 366 1313 404 appareret,
1333 369 1459 408 Agenor
1473 372 1564 410 pater
1578 371 1619 403 ad
1636 380 1708 404 eam
1727 373 1936 413 quaerendam
1952 373 2042 405 misit
2063 373 2162 414 lilios,

1134 427 1174 451 ne
1185 424 1259 455 ante
1271 424 1412 457 redirent
1422 427 1538 466 jubens
1554 438 1652 479 quam
1673 439 1815 463 sororem
1831 430 2042 465 invenissent.
2065 432 2163 464 ⁷Cum

1135 480 1185 512 his
1198 481 1296 513 simul
1310 483 1351 514 ad
1364 483 1462 516 filiam
1476 486 1735 529 investigandam
1749 490 1893 531 proiecta
1908 494 1958 523 est
1970 491 2165 533 Telephassa

1135 540 1239 571 mater
1260 542 1293 572 et
1308 541 1435 575 Thasus
1458 546 1608 586 Neptuno
1631 550 1726 581 natus
1740 549 1803 589 vel,
1820 551 1857 582 ut
1880 550 2081 592 Pherecydes
2103 552 2160 590 ait,

1136 597 1245 630 Cilice.
1259 601 1400 632 ⁸Verum
1411 611 1512 643 quum
1523 606 1674 639 omnibus
1687 609 2077 651 pervestigatisEuropam
2091 619 2164 643 nus-

1135 666 1232 698 quam
1248 661 1382 699 possent
1404 663 1557 703 reperire,
1585 665 1753 706 desperato
1775 667 1815 700 ad
1839 677 1916 701 suos
1940 669 2042 702 reditu
2058 695 2067 710 ‚
2081 670 2164 704 alius

1135 716 1198 749 alio
1213 719 1478 760 commigrarunt.
1493 724 1534 753 Et
1547 724 1681 756 Phoenix
1695 726 1826 766 quidem
1840 735 1958 760 nomen
1971 729 2060 761 dedit
2073 730 2164 762 Phoe-

1135 777 1232 810 niciae
1244 801 1254 817 ,
1275 779 1360 811 Cilix
1386 789 1462 812 vero
1479 789 1608 813 omnem
1628 792 1726 824 quam
1743 785 1917 819 Phoeniciae
1937 787 2108 821 finitimam
2124 791 2165 822 ad

1137 837 1311 877 Pyramum
1325 838 1461 870 fluvium
1475 839 1639 880 regionem
1653 842 1802 884 subjecit,
1814 846 1996 879 nominavit
2005 847 2162 880 Ciliciam.

1136 896 1280 929 Cadmus
1307 899 1339 929 et
1370 898 1565 939 Telephassa
1594 900 1629 931 in
1655 901 1790 934 Thracia
1818 905 2044 939 consederunt.
2083 910 2165 940 Item

1134 956 1232 987 etiam
1249 957 1376 989 Thasus
1389 958 1430 990 ad
1441 958 1612 990 Thraciam
1627 959 1734 992 Thaso
1745 961 1824 994 urhe
1835 963 1966 996 condita
1977 965 2086 998 sedem
2103 967 2164 999 sibi

1135 1015 1313 1048 constituit.

1180 1133 1223 1174 (2)
1233 1135 1397 1174 Europam
1410 1134 1525 1165 veroin
1535 1135 1777 1168 matrimonium
1793 1136 1887 1170 duxit
1899 1148 1954 1171 rex
1962 1142 2164 1175 Cretensium

1135 1187 1297 1226 Asterion,
1310 1190 1445 1229 ejusque
1472 1196 1511 1220 ex
1524 1190 1606 1220 Jove
1627 1188 1746 1223 liberos
1770 1189 1932 1223 educavit.
1959 1194 2038 1231 2Qui
2062 1204 2164 1236 quum

1136 1241 1177 1272 ad
1189 1241 1317 1273 virilem
1333 1241 1557 1282 pervenissent
1575 1242 1716 1282 aetatem,
1735 1245 1885 1274 mutuam
1899 1243 1983 1276 inter
2000 1254 2034 1278 se
2048 1247 2166 1279 discor-

1136 1294 1223 1326 diam
1250 1296 1476 1327 exercuerunt.
1504 1295 1699 1336 Deperibant
1721 1296 1808 1328 enim
1837 1305 1974 1338 puerum
2003 1300 2166 1339 quendam

1136 1349 1297 1388 Miletum,
1313 1348 1453 1390 Apollini
1468 1351 1582 1380 natum
1596 1357 1636 1380 ex
1653 1349 1730 1380 Aria
1746 1349 1878 1382 Cleochi
1894 1349 1971 1382 filia.
1989 1352 2050 1383 Hic
2064 1362 2166 1393 quum

1135 1403 1169 1434 in
1184 1402 1379 1444 Sarpedonis
1398 1402 1655 1435 benevolentiam
1667 1405 1699 1435 et
1707 1412 1849 1435 amorem
1867 1404 1970 1445 magis
1985 1405 2165 1447 inclinaret,

1135 1457 1272 1490 conflato
1285 1458 1369 1490 inter
1387 1456 1502 1489 fratres
1521 1455 1622 1496 bello,
1634 1456 1740 1489 Minos
1755 1458 1902 1498 superior
1918 1457 2078 1491 discessit.
2102 1459 2166 1491 ⁵Illi

1134 1511 1169 1543 in
1205 1511 1313 1552 fugam
1350 1519 1420 1543 sese
1455 1510 1702 1547 converterunt,
1738 1519 1776 1542 ac
1808 1510 1938 1543 Miletus
1964 1512 2096 1552 quidem
2132 1514 2166 1545 in

1135 1564 1264 1597 Cariam
1280 1563 1448 1606 appulsus,
1465 1563 1511 1595 ibi
1527 1563 1640 1595 urbem
1657 1563 1803 1595 condidit
1817 1563 1943 1606 abipso
1956 1564 2103 1597 Miletum
2114 1575 2167 1598 no-

1133 1618 1303 1650 minatam.
1317 1620 1438 1650 Verum
1452 1617 1616 1657 Sarpedon
1633 1613 1724 1650 Cilici
1741 1616 1898 1649 adversus
1913 1618 2033 1658 Lycios
2046 1618 2165 1651 bellum

1133 1671 1268 1713 gerenti,
1286 1673 1381 1713 pacta
1397 1670 1555 1703 mercedis
1571 1670 1642 1702 loco
1659 1670 1798 1712 regionis
1814 1672 1923 1711 parte,
1936 1671 2113 1713 opitulatus
2131 1673 2164 1704 in

1132 1724 1231 1766 Lycia
1248 1734 1384 1765 regnum
1406 1724 1469 1756 sibi
1487 1724 1700 1765 comparavit.
1732 1723 1865 1756 ⁴Eidem
1889 1724 2016 1765 Jupiter
2039 1724 2083 1756 ad
2100 1727 2164 1757 tres

1133 1780 1246 1811 aetates
1265 1778 1367 1810 vitam
1383 1778 1556 1810 concessit.
1581 1779 1663 1809 Sunt
1678 1777 1776 1810 etiarn
1800 1776 1855 1818 qui
1878 1777 1971 1809 illum
1995 1778 2138 1819 Atymnii
2153 1803 2162 1819 ,

1131 1834 1226 1867 Jovis
1239 1843 1280 1866 ex
1301 1833 1477 1874 Cassiopea
1496 1831 1573 1871 filii,
1595 1838 1706 1862 amore
1727 1831 1965 1863 inflammatum
1983 1833 2016 1863 et
2035 1834 2164 1873 propter

1130 1888 1217 1920 hunc
1233 1887 1316 1919 inter
1331 1886 1445 1918 fratres
1454 1884 1628 1917 dissidium
1651 1886 1760 1915 ortum
1774 1893 1845 1916 esse
1860 1885 2000 1917 tradant.
2027 1885 2163 1918 *Rhada-

1130 1941 1284 1973 manthus
1299 1942 1409 1972 autem
1427 1938 1553 1979 legibus
1570 1937 1728 1970 insulanis
1741 1936 1815 1970 latis
1831 1938 1975 1970 secundo
1991 1939 2115 1980 fugiens
2128 1941 2161 1971 in

1130 1995 1289 2028 Boeotiam
1303 2003 1374 2027 sese
1387 1992 1535 2032 contulit,
1552 1991 1608 2024 ubi
1621 1992 1811 2024 Alcmenam
1828 1992 1922 2025 duxit
1937 2002 2085 2026 uxorem.
2103 1996 2162 2026 De-

1129 2057 1219 2080 mum
1234 2048 1302 2081 vita
1316 2048 1490 2080 defunctus
1501 2055 1576 2077 cum
1585 2045 1694 2077 Minoe
1706 2045 1807 2086 judex
1819 2045 1909 2078 sedet
1924 2047 2011 2087 apud
2027 2047 2158 2079 inferos.

1129 2103 1197 2134 “At
1213 2102 1332 2140 Minos,
1356 2101 1389 2132 in
1408 2100 1506 2133 Creta
1528 2098 1688 2138 habitans,
1704 2098 1913 2132 Cretensibus
1937 2099 2020 2141 leges
2036 2101 2109 2132 tulit
2129 2104 2161 2133 et

1127 2155 1226 2187 ducta
1242 2153 1400 2195 Pasiphae
1423 2152 1507 2185 Solis
1523 2160 1560 2183 ac
1577 2151 1748 2191 Perseidis,
1774 2152 1855 2192 sive,
1886 2155 1922 2183 ut
1955 2154 2160 2195 Asclepiades

1126 2209 1184 2248 ait,
1202 2210 1298 2240 Creta
1315 2206 1445 2246 Asterii,
1474 2205 1558 2238 filios
1588 2204 1698 2246 genuit
1714 2206 1868 2238 Catreum
1881 2229 1890 2245 ,
1907 2207 2133 2239 Deucalionem
2149 2231 2158 2247 ‚

1128 2262 1289 2294 Glaucum
1305 2285 1314 2300 ,
1337 2261 1563 2301 Androgeum;
1579 2258 1661 2291 filias
1680 2268 1757 2291 vero
1785 2259 1927 2299 Acallen,
1961 2261 2157 2301 Xenoclicen,

1125 2315 1299 2354 Ariadnen,
1312 2314 1494 2347 Phaedram.
1504 2315 1606 2345 Porro
1622 2322 1663 2345 ex
1676 2312 1770 2345 Paria
1783 2313 1926 2354 nympha
1940 2314 2158 2355 Eurymedon-

1124 2378 1202 2414 tem,
1229 2374 1473 2416 Nephalionem,
1489 2373 1646 2414 Chrysen,
1663 2372 1861 2412 Philolaum3
1877 2381 1916 2404 ex
1933 2373 2089 2406 Dexithea
2104 2374 2155 2406 de-

1123 2429 1222 2470 nique
1237 2426 1470 2460 Euxanthium.

1167 2483 1212 2524 (3)
1235 2484 1413 2522 Postquam
1426 2480 1577 2513 Asterion
1611 2479 1709 2512 nullis
1725 2479 1846 2511 relictis
1859 2479 1966 2511 liberis
1986 2487 2004 2511 e
2022 2479 2088 2511 vita
2103 2480 2154 2512 de-

1122 2544 1273 2582 cesserat,
1287 2542 1394 2574 Minos
1413 2540 1590 2582 quominus
1607 2541 1714 2572 Cretae
1733 2547 1869 2579 regnum
1888 2538 2066 2578 susciperet
2081 2547 2153 2579 pro-

1121 2602 1305 2635 hibebatur.
1321 2601 1384 2633 Sed
1400 2609 1535 2641 regnum
1551 2609 1570 2632 a
1583 2599 1647 2632 diis
1659 2598 1721 2631 sibi
1738 2598 1937 2630 destinatum
1951 2606 2023 2629 esse
2035 2597 2153 2638 profes-

1121 2671 1178 2695 sus
1193 2687 1202 2703 ,
1231 2663 1269 2694 ut
1290 2661 1387 2694 fidem
1408 2660 1454 2693 rei
1475 2660 1619 2700 faceret,
1648 2657 1837 2699 pronuntiat
1857 2657 2050 2688 eventurum
2081 2665 2152 2689 esse

1121 2720 1340 2761 quodcunque
1355 2729 1373 2751 a
1392 2718 1456 2751 diis
1470 2717 1672 2759 expetiverit.
1692 2717 1706 2736 ³
1726 2715 1879 2748 Instituto
1912 2714 2010 2754 igitur
2040 2723 2150 2754 sacro,

1120 2779 1161 2811 ad
1177 2780 1364 2820 Neptunum
1377 2786 1488 2820 preces
1501 2777 1589 2816 facit,
1606 2777 1643 2808 ut
1655 2778 1785 2807 taurum
1799 2782 1837 2806 ex
1853 2772 2016 2814 profundo
2024 2773 2151 2806 emitte·

1120 2839 1179 2879 ret,
1198 2838 1409 2878 oblatumque
1424 2836 1668 2869 immolaturum
1692 2842 1726 2865 se
1745 2832 1925 2874 pollicetur.
1947 2834 1973 2864 A
2000 2833 2149 2874 Neptuno

1118 2899 1227 2940 itaque
1243 2899 1337 2930 tauro
1352 2895 1481 2934 eximiae
1502 2895 1615 2926 formae
1628 2892 1762 2931 emisso,
1778 2900 1914 2932 regnum
1931 2891 2064 2932 accepit.
2084 2892 2148 2925 Sed

1118 2959 1236 2990 bovem
1254 2956 1345 2988 illum
1361 2954 1402 2986 ad
1419 2954 1564 2985 armenta
1587 2950 1702 2983 deduci
1715 2949 1820 2991 jubet,
1845 2951 1983 2991 eJusque
1997 2950 2070 2982 loco
2084 2958 2148 2981 ma-

1118 3020 1184 3050 ctat
1198 3016 1310 3048 alium.
1329 3014 1418 3046 Idem
1434 3012 1558 3053 primus
1578 3011 1678 3043 maris
1697 3009 1834 3052 imperio
1854 3009 1978 3051 potitus
1995 3008 2147 3041 omnibns

1116 3077 1182 3109 fere
1196 3074 1311 3107 insulis
1324 3071 1465 3114 praefuit.
1485 3070 1529 3111 (4)
1543 3071 1586 3102 At
1598 3070 1699 3102 iratus
1715 3069 1760 3101 illi
1776 3071 1958 3110 Neptunus,
1976 3068 2063 3110 quod
2078 3071 2147 3100 tau-

1117 3145 1189 3167 rum
1219 3134 1310 3166 illum
1326 3141 1391 3164 non
1407 3129 1626 3169 immolasset,
1644 3129 1721 3161 huic
1740 3129 1882 3161 furorem
1901 3129 2012 3167 injecit
2035 3130 2068 3161 et
2088 3130 2144 3160 Pa-

1116 3194 1249 3235 siphaen
1265 3192 1335 3232 ejus
1348 3188 1506 3222 desiderio
1520 3186 1674 3220 incendit.
1694 3190 1712 3213 ⁹.
1722 3188 1800 3219 Haec
1815 3186 1911 3227 igitur
1926 3186 2010 3218 tauri
2035 3195 2145 3222 amore

1115 3253 1209 3293 capta
1225 3250 1406 3291 adjutorem
1422 3247 1484 3280 sibi
1499 3247 1666 3280 Daedalum
1680 3247 1818 3280 assumit
1839 3247 2070 3286 architectum,
2087 3249 2143 3289 qui

1114 3308 1211 3341 caedis
1229 3315 1302 3339 reus
1318 3305 1451 3338 Athenis
1467 3304 1646 3347 aufugerat
1664 3307 1696 3337 Is
1718 3305 1856 3346 ligneam
1879 3314 2010 3338 vaccam
2030 3314 2142 3338 conca·

1113 3378 1131 3400 v
1135 3376 1186 3400 ani
1201 3366 1396 3399 intrinsecus
1405 3364 1597 3406 construxit,
1609 3372 1744 3406 eamque
1758 3364 1836 3397 iotis
1848 3365 2031 3406 impositam
2045 3366 2142 3405 atque
