2320 3684
845 153 899 191 ιΝ
929 153 1158 195 MARMOR
1188 153 1405 211 PARIUM.

2117 170 2187 204 581

158 243 247 291 713.
283 240 497 281 Candaules
513 241 678 281 moritur
699 239 739 292 (9
762 251 796 283 ><
818 241 866 279 63
893 249 982 292 post
1000 241 1106 293 Troj.
1139 248 1142 251 “
1166 244 1280 282 etiam
1303 257 1493 283 annorum
1527 246 1586 285 vel
1618 247 1815 298 cyclorum
1844 262 2047 289 numerum
2070 250 2195 305 dupli-

343 299 508 351 epoch.).

129 371 255 410 Etiam
266 369 333 421 qui
346 370 526 421 deinceps
538 377 751 420 sequuntur
762 370 966 420 Lydorum·
972 384 1106 422 regum

76 429 327 480 chronologia
338 428 391 466 ita
407 435 465 466 est
480 437 700 479 comparata
711 458 721 476 ‚
741 436 782 466 ut
797 429 907 467 facile
923 437 1107 480 appareat

76 500 160 527 eam
173 501 250 525 non
267 500 314 525 ex
330 486 589 524 monumentis
604 486 678 523 fide
694 486 818 537 dignis
833 488 1082 526 constitutam
1095 518 1106 536 ,

74 545 143 584 sed
166 559 188 583 a
212 546 356 584 Graecis
377 544 642 583 sacerdotibus
665 559 747 583 esse
770 547 1004 594 confectam,
1038 548 1106 598 qui

75 618 165 644 sane
173 604 456 656 probabilitatis
465 604 633 655 speciem
643 604 682 641 in
692 606 848 656 sin-gulis
858 606 984 656 regnis
995 619 1104 644 com-

75 663 258 715 putandis
274 663 384 715 sequi
401 662 643 712 debuerunt,
662 673 832 702 ceterum
850 666 980 703 omnia
995 665 1107 703 ador-

74 731 217 761 narunt
232 722 443 761 secundum
460 725 587 774 cyclos
605 736 695 762 suos
712 732 751 762 et
774 725 943 763 minores
959 733 1106 776 septem

76 794 267 819 annorum
296 781 477 833 epochas.
518 785 616 830 Quae
644 796 765 833 quum
790 783 845 821 ita
873 784 973 832 sint,
999 783 1107 821 facile

74 849 259 891 apparet,
280 854 395 892 qnam
420 841 614 891 ingratum
640 843 840 893 negotium
869 844 1108 894 susceperint

75 899 150 938 viri
175 899 281 937 docti
299 900 366 950 qui
382 899 532 950 singula
551 900 602 938 ad
618 913 731 938 veras
746 901 918 939 historiae
937 902 1107 939 rationes

75 971 257 996 revocare
279 966 558 1009 auctorumque
579 959 680 997 inter
699 972 740 997 se
760 959 992 997 discordiam
1010 973 1108 998 con-

74 1017 204 1056 ciliare
226 1016 453 1055 studuerint.
486 1017 604 1064 Quod*
629 1018 784 1068 quidem
808 1032 855 1056 eo
876 1019 1004 1057 minus
1025 1020 1108 1057 fieri

76 1084 218 1129 potest,
239 1088 317 1127 quo
341 1076 479 1127 majori
510 1076 550 1113 in
570 1076 826 1115 barbarorum
858 1078 1109 1129 chronologia

75 1134 230 1173 licentia
250 1134 310 1172 usi
328 1142 416 1172 sunt
439 1135 565 1174 Graeci
586 1137 796 1189 ἀναγραφῶν
817 1145 1005 1177 auctores.
1033 1139 1108 1176 Sed

75 1194 126 1233 ob
146 1194 186 1232 id
206 1194 332 1245 ipsum
349 1193 431 1231 haec
449 1194 627 1245 apprime
643 1196 934 1234 accommodata
949 1205 1038 1234 sunt
1058 1197 1109 1235 ad

74 1254 436 1306 Ιῑᾶνιιηιᾶναγραφῶν
448 1253 617 1291 rationes
628 1255 797 1306 penitius
808 1256 1108 1307 perspiciendas.

77 1316 207 1360 Quare
228 1325 306 1349 non
329 1311 398 1349 abs
417 1325 458 1349 re
479 1311 562 1351 fore
586 1321 682 1364 puto
705 1315 891 1353 nonnulla
917 1316 1110 1354 monuisse

75 1372 124 1410 d¹e
154 1370 396 1422 temporibus
426 1384 561 1422 regum
594 1372 818 1420 Medorum,
847 1388 933 1426 quae
967 1376 1107 1414 mirum

75 1432 264 1477 quantum
288 1433 478 1462 vexarunt
495 1425 599 1463 viros
623 1425 767 1465 doctos.

128 1483 316 1522 Herodot.
333 1486 371 1531 Ι,
398 1484 469 1520 ι3ο
488 1483 581 1522 dicit
608 1499 616 1522 :
646 1486 765 1532 Μῆδοι
796 1484 978 1540 ὑπέκυψαν
1007 1487 1107 1541 Πέρ-

74 1558 197 1595 σῃσι...
218 1541 381 1595 ἄρξαντες
403 1544 466 1588 τῆς
486 1541 560 1581 ἄνω
578 1540 702 1588 Ἅλυος
722 1548 884 1596 ποταμοῦ
907 1545 1032 1594 Ἀσίης
1051 1547 1109 1587 ἐπ’

74 1601 154 1641 ἔτεα
166 1600 356 1655 τριήκοντα
373 1600 435 1640 καὶ
451 1600 575 1641 ἕκατον
593 1603 684 1642 δυῶν
702 1603 822 1643 δέοντα
835 1635 845 1653 ,
865 1604 1009 1660 παρὲξῆ
1028 1605 1107 1645 ὅσον

73 1659 268 1704 οἳ.Σκύθαι
287 1654 409 1714 ἦρχον.
430 1663 572 1699 Verum
604 1676 682 1700 non
710 1664 825 1715 plane
852 1673 1002 1703 constat
1031 1666 1107 1705 sibi

73 1720 297 1759 Herodotus
330 1721 372 1758 in
404 1733 594 1759 annorum
622 1735 797 1761 numero.
829 1727 928 1763 Nam
969 1724 1038 1764 lib.
1068 1729 1106 1776 l,

74 1793 106 1820 c.
128 1793 219 1828 102,
242 1780 335 1829 106,
358 1779 430 1817 130
450 1780 583 1818 statuit
600 1781 655 1820 ita
676 1796 684 1819 :

316 1870 351 1894 1.
405 1855 569 1907 Dejoces
589 1866 725 1909 regnat
741 1872 774 1897 a.
797 1859 860 1897 53.

314 1928 350 1954 2.
405 1915 611 1954 Phraortes
800 1930 863 1956 22.

316 1975 353 2013 3.
409 1977 606 2024 Cyaxares
802 1982 862 2022 40.

313 2039 348 2079 4.
405 2038 591 2086 Astyages
801 2035 864 2074 35.

125 2094 222 2130 Inde
240 2092 396 2130 nonnisi
421 2106 493 2130 122
511 2093 603 2132 anni
619 2094 867 2145 colliguntur,
887 2095 1026 2133 demtis
1053 2097 1102 2134 28

72 2151 201 2197 annis,
222 2151 363 2202 quibus
380 2165 499 2203 penes
512 2153 672 2203 Scythas
689 2167 851 2206 regnum
867 2163 962 2197 erat.
980 2155 1104 2206 Igitur

72 2223 186 2249 verus
200 2224 383 2249 numerus
394 2212 467 2249 erit
482 2211 631 2250 medius
644 2241 653 2259 ,
674 2226 687 2248 1
698 2214 826 2250 26=2
846 2231 866 2255 2<
879 2215 944 2253 63.
961 2243 1013 2249 —-
1024 2217 1105 2251 De-

68 2270 188 2322 joces,
206 2278 248 2307 ut
260 2270 454 2308 Diodorus
472 2273 528 2317 II,
547 2273 594 2309 32
614 2285 662 2309 ex
679 2272 877 2310 Herodoto
893 2282 1104 2324 computat,

72 2329 234 2372 anedis
247 2342 316 2372 rex
329 2330 471 2367 electus
490 2337 548 2367 est
566 2330 627 2369 ol.
648 2344 708 2378 17,
734 2343 889 2379 2:712
908 2340 995 2370 ante
1012 2332 1103 2370 Chr.

72 2388 131 2426 vel
145 2389 194 2434 64
215 2388 349 2440 (263)
371 2388 480 2425 annis
502 2397 591 2439 post
608 2389 763 2440 Olymp.
778 2391 808 2426 1.
825 2393 959 2441 Itaque
974 2391 1106 2428 Medo-

72 2460 155 2485 rum
176 2460 337 2498 regnum
354 2447 485 2486 eadem
511 2448 662 2499 epocha
683 2448 839 2500 incipit,
867 2463 943 2500 qua
959 2450 1102 2488 desinit

71 2506 111 2544 in
128 2505 250 2556 Lydia
265 2519 425 2557 regnum
443 2507 750 2544 Heraclidarum.

123 2567 267 2604 Contra
294 2565 361 2603 alii
388 2566 620 2603 exstiterunt
644 2567 712 2617 qui
731 2579 809 2604 non
831 2575 1013 2618 quatuor,
1034 2568 1101 2606 sed

72 2631 160 2661 octo
179 2623 383 2662 Medorum
403 2637 513 2675 reges
534 2634 801 2664 numerarunt.
828 2629 1005 2674 Quorum
1027 2630 1101 2666 Ca-

72 2695 149 2720 non
164 2683 269 2735 apud
287 2682 427 2721 Euseb.
447 2683 510 2721 hic
528 2692 584 2722 est
603 2698 612 2720 :

324 2742 490 2780 Arbaces
601 2744 649 2781 28

325 2796 531 2833 Mandaces
599 2809 648 2834 20

322 2854 526 2894 sosarmus
598 2856 648 2894 30

324 2916 486 2963 Artycas
601 2916 649 2953 3ο

323 2972 489 3023 Dejoces
626 2974 650 3012 4

327 3032 536 3070 Phraortes
589 3046 634 3071 21
671 3034 830 3085 (vitiose
858 3034 935 3084 51).

322 3092 514 3140 cyaxares
585 3093 606 3130 3
614 3106 635 3130 2

323 3152 507 3202 Astyages
596 3153 618 3189 3
625 3152 647 3189 8

566 3233 641 3271 253

124 3308 323 3346 Sumamus
349 3321 421 3358 pro
443 3322 537 3346 vero
567 3323 730 3347 numero
755 3310 829 3348 252
855 3326 905 3346 z
927 3317 947 3355 4
974 3320 1007 3354 ><
1035 3312 1097 3348 63.

71 3365 181 3404 Vides
206 3365 318 3415 igitur
334 3367 488 3405 Eusebii
511 3368 634 3406 fontes
655 3383 740 3406 cum
776 3383 906 3420 regum
933 3384 1096 3409 numero

229 2756 270 3187 90ss¹s=³÷⁷¹÷r9³t³r

1167 316 1284 342 casse.

1220 364 1365 402 Ctesias
1381 364 1486 415 apud
1504 365 1666 405 Diodor.
1686 367 1710 404 l.
1731 367 1756 405 l.
1775 380 1914 406 novem
1930 382 2037 421 reges
2054 373 2198 423 posuit,

1167 434 1333 471 quorum
1349 423 1548 474 prioribus
1563 433 1652 464 octo
1667 425 1803 464 tribuit
1819 440 1938 466 annos
1957 431 2032 467 282
2045 430 2123 481 (28,
2135 432 2197 479 50,

1169 481 1229 526 30,
1242 480 1309 526 50.-
1322 495 1384 530 22,
1398 487 1460 529 40,
1480 496 1543 530 22,
1565 484 1639 536 40).
1652 489 1736 523 Jam
1747 486 1779 524 si
1790 488 1961 538 Astyagi‚
1979 502 2082 527 nono
2100 492 2197 542 regi,

1167 552 1252 576 eum
1282 541 1485 579 Herodoto
1509 542 1644 581 damus
1669 558 1790 582 annos
1819 546 1889 592 35,
1909 559 2059 586 summa
2073 562 2198 587 anno-

1166 611 1251 635 rum
1270 607 1328 636 est
1349 602 1422 647 3¹7
1447 615 1498 635 =
1518 600 1539 638 5
1565 613 1599 646 χ
1625 602 1698 649 63,
1724 603 2012 644 abundantibus
2044 607 2198 646 duobus

1167 657 1289 695 anuis.
1323 661 1459 709 Itaque
1488 661 1645 712 Astyagi
1675 663 1830 701 nonnisi
1863 665 1911 702 33
1945 678 1977 703 a.
2004 666 2196 706 tribuerit.

1165 717 1256 753 Haec
1284 716 1499 766 sufficiant,
1521 726 1565 756 ut
1592 719 1802 770 intelligas,
1831 723 2028 773 quomodo
2059 724 2107 762 de
2138 725 2199 764 his

1166 774 1426 826 chronologiis
1443 779 1688 817 statuendum
1703 780 1763 818 sit.
1779 783 1957 822 Ceterum
1982 785 2199 836 catalogum

1166 832 1340 870 virorum
1363 834 1566 874 doctorum
1595 838 1663 886 qui
1698 837 1849 879 diversa
1885 840 1965 878 haec
1999 855 2049 880 ex
2081 845 2199 882 sacris

1166 891 1316 942 scriptis
1345 894 1407 931 vel
1438 907 1487 932 ex
1517 896 1742 936 auctoribus
1767 900 2019 939 orientalibus
2042 902 2101 939 vel
2122 903 2198 940 alio

1167 952 1306 1002 quovis
1322 953 1438 990 modo
1457 954 1559 992 inter
1575 968 1614 992 se
1628 957 1832 996 conciliare
1844 961 2072 1010 voluerunt,
2092 962 2199 1000 dedit

1167 1010 1287 1048 Baehr.
1307 1012 1347 1049 in
1364 1015 1521 1054 ExcurS.
1541 1013 1590 1051 ad
1609 1016 1796 1057 Herodot.
1817 1021 1855 1066 Ι,
1873 1020 1958 1057 130.

1221 1073 1274 1110 Ut
1290 1070 1337 1108 de
1355 1071 1559 1110 Medorum
1578 1073 1732 1124 regibus
1745 1105 1755 1123 ‚
1773 1077 1827 1114 sic
1844 1078 1960 1115 etiam
1977 1078 2025 1117 de
2041 1079 2199 1130 regibus

1167 1130 1413 1180 Assyriorum
1435 1145 1595 1183 magnus
1616 1141 1673 1171 est
1694 1135 1884 1173 Herodoti
1903 1144 1941 1174 et
1965 1139 2101 1176 Ctesiae
2120 1139 2199 1176 dis-

1167 1202 1311 1230 sensus.
1337 1190 1489 1231 Etenim
1517 1199 1561 1229 ut
1588 1191 1783 1232 Diodorus
1811 1194 1835 1231 l.
1864 1195 1887 1232 l.
1921 1208 1969 1232 ex
1996 1197 2199 1235 Herodoto

1169 1248 1308 1297 tradit,
1340 1250 1542 1300 Assyrium
1587 1264 1748 1302 regnum
1769 1252 1924 1291 duravit
1945 1268 1978 1292 a.
2006 1255 2100 1301 500,
2119 1257 2200 1305 vel,

1167 1308 1225 1345 uti
1254 1308 1294 1345 in
1322 1309 1462 1346 nostris
1490 1310 1679 1348 Herodoti
1706 1311 1946 1350 editionibus
1977 1313 2138 1365 legimus
2165 1329 2198 1353 a.

1170 1367 1270 1414 520;
1288 1380 1362 1405 500.
1384 1369 1545 1406 Ctesiam
1566 1382 1658 1407 vero
1675 1371 1784 1408 annis
1800 1373 1901 1410 1360
1925 1372 1984 1423 (v.
2013 1374 2139 1412 Baehr:
2150 1375 2200 1412 ad

1169 1428 1332 1466 Ctesiam
1354 1441 1391 1479 p.
1415 1430 1523 1480 419).
1542 1431 1696 1469 Scilicet
1721 1432 1962 1481 Herodotus,
1987 1434 2055 1484 qui
2076 1436 2199 1473 Medis

1169 1486 1263 1525 duas
1306 1489 1475 1539 epochas
1507 1489 1671 1538 tribuit,
1715 1493 2010 1544 quadruplicem
2045 1496 2201 1534 circiter

1167 1545 1405 1596 epocharum
1429 1561 1631 1587 numerum
1654 1550 1792 1589 tribuit
1807 1553 1975 1602 Assyriis
1993 1552 2035 1604 (4
2062 1562 2096 1596 ><
2125 1555 2199 1592 126

1169 1619 1218 1639 Σ
1252 1605 1355 1656 504).
1387 1605 1492 1644 Idem
1523 1609 1658 1658 procul
1691 1609 1815 1659 ¹dubio
1847 1611 1937 1649 fecit
1968 1612 2113 1650 Ctesias
2144 1615 2198 1664 (4

1173 1676 1207 1710 ><
1240 1666 1315 1703 315
1338 1682 1389 1702 =
1416 1668 1537 1715 1260,
1571 1669 1638 1719 qui
1668 1683 1854 1709 numerus
1889 1673 2051 1711 fortasse
2078 1674 2196 1711 resti-

1168 1725 1333 1763 tuendus
1353 1735 1411 1764 est
1429 1740 1502 1778 pro
1526 1728 1655 1780 1360).

1446 1842 1586 1891 Epoclz.
1611 1842 1673 1880 36.
1690 1855 1746 1880 vs.
1765 1842 1837 1880 51-
1850 1843 1910 1882 52.

1219 1959 1375 1995 Lacuna
1389 1954 1647 2006 probabiliter
1661 1957 1812 2008 expleri
1827 1970 1905 1994 non
1925 1966 2066 2009 potest.
2082 1975 2097 1992 «
2110 1962 2202 1997 For-

1166 2023 1288 2063 tasse,
1317 2015 1522 2052 Boeckhius
1539 2015 1613 2063 ait,
1634 2015 1852 2066 aliquidde
1870 2016 2030 2055 Phaone
2053 2017 2198 2055 dictum

1164 2084 1257 2114 erat.
1275 2092 1291 2110 »
1310 2074 1499 2128 γεωμόρων
1517 2075 1917 2126 suppleruntPalmer.
1935 2085 1973 2114 et
1992 2077 2199 2118 Marsham.

1218 2134 1333 2183 Quod
1350 2147 1494 2171 annum
1511 2135 1672 2180 attinet,
1695 2148 1813 2185 quum
1833 2148 2017 2173 numerus
2037 2136 2075 2173 in
2098 2140 2200 2174 Mar-

1165 2206 1271 2230 more
1299 2193 1495 2230 mutilatus
1514 2193 1585 2241 sit,
1614 2206 1740 2243 neque
1763 2193 1892 2230 Critiae
1918 2194 2117 2233 archontis
2131 2208 2201 2233 an-

1164 2266 1258 2290 num
1274 2252 1429 2290 aliunde
1458 2252 1657 2302 cognitum
1689 2250 1928 2301 habeamus,
1959 2254 2053 2290 certi
2082 2253 2200 2305 quid-

1165 2325 1280 2362 quam
1310 2311 1463 2348 definiri
1489 2310 1637 2361 nequit.
1668 2311 1824 2362 Olymp.
1856 2312 1929 2359 46,
1960 2324 2005 2359 2,
2037 2313 2084 2363 3,
2115 2319 2138 2358 4
2163 2322 2200 2351 et

1165 2371 1322 2421 Olymp.
1345 2376 1408 2419 47,
1443 2383 1456 2406 1
1478 2370 1682 2407 archontes
1703 2369 1861 2407 fuerunt
1884 2370 2196 2419 Philombrotus‚

1165 2430 1303 2478 Solon,
1333 2428 1527 2480 Dropides
1543 2432 1602 2476 ΙΙ,
1623 2432 1819 2467 Eucrates.
1841 2432 1975 2467 Restat
1997 2430 2115 2481 igitur
2132 2441 2198 2469 aut

1164 2490 1319 2540 Olymp.
1340 2495 1402 2536 47,
1420 2502 1462 2536 2,
1481 2496 1548 2526 aut
1564 2502 1684 2526 annus
1700 2489 1802 2526 inter
1817 2489 1878 2527 Ol.
1899 2490 1969 2536 43,
1989 2490 2009 2526 3
2029 2498 2067 2527 et
2086 2491 2154 2539 46,
2175 2504 2196 2527 2

1164 2548 1400 2599 interjectus.
1440 2547 1709 2586 Verisimiliter
1747 2555 1903 2585 notatus
1944 2556 2026 2586 erat
2074 2561 2197 2587 annus

1163 2607 1407 2658 Olympiadis
1421 2613 1469 2652 44
1487 2608 1545 2645 vel
1562 2606 1624 2652 45.
1643 2610 1738 2645 Nam
1753 2607 1801 2644 ad
1819 2608 1972 2658 Olymp.
1992 2614 2038 2653 44
2057 2608 2197 2646 Euseb.

1163 2682 1212 2707 ex
1247 2669 1385 2719 Scalig.
1420 2668 1579 2719 Sappho
1615 2676 1653 2705 et
1688 2669 1853 2705 Alcaeum
1891 2668 2068 2706 floruisse
2105 2670 2198 2707 dicit

1162 2729 1217 2781 (in
1231 2727 1373 2767 Euseb.
1392 2731 1499 2766 Arm.
1518 2727 1621 2765 idem
1639 2727 1803 2764 refertur
1821 2727 1870 2765 ad
1890 2728 2046 2779 Olymp.
2068 2730 2145 2780 46).

1215 2795 1274 2829 De
1302 2791 1460 2842 Sappho
1476 2790 1563 2845 vide
1592 2803 1690 2841 quos
1718 2789 1850 2828 laudat
1876 2791 2031 2831 Ulricus
2054 2791 2077 2831 l.
2098 2792 2125 2832 l.
2141 2795 2194 2841 ΙΙ,

1164 2863 1202 2900 p.
1238 2850 1326 2887 360.
1359 2852 1418 2886 De
1452 2849 1656 2886 Geomoris
1688 2862 1722 2886 v.
1757 2848 1946 2891 Herodot.
1978 2852 2071 2896 VII,
2107 2851 2194 2900 155,

1162 2908 1323 2958 Dionys.
1344 2909 1428 2946 Hal.
1445 2910 1503 2952 X,
1524 2907 1588 2955 38,
1603 2907 1768 2957 Hesych.
1790 2920 1818 2944 s.
1845 2907 1884 2945 h.
1902 2921 1953 2956 v.;
1972 2908 2019 2948 cf.
2040 2910 2194 2948 Miiller.

1162 2973 1258 3008 Dor.
1272 2973 1328 3014 ΙΙ,
1348 2983 1386 3020 p.
1408 2970 1472 3017 61,
1493 2969 1651 3008 Goeller.
1671 2972 1731 3009 De
1746 2970 1822 3007 situ
1838 2971 2012 3020 Syracus.
2034 2983 2072 3022 p.
2093 2985 2131 3022 9,
2150 2974 2192 3010 C.

1162 3030 1369 3066 Hermann.
1393 3028 1524 3079 Antiq.
1545 3032 1563 3075 S
1584 3028 1654 3076 60,
1675 3035 1710 3074 4.

1429 3143 1564 3191 Epocla.
1589 3144 1651 3190 37.
1674 3155 1729 3180 vs.
1750 3141 1892 3180 52-53.

1215 3250 1421 3301 Supplevit
1438 3249 1602 3289 Palmer.
1626 3253 1685 3289 De
1705 3264 1747 3289 re
1768 3265 1806 3289 v.
1831 3252 1973 3290 Strabo
1994 3256 2073 3300 IX,
2095 3254 2131 3303 3,
2150 3259 2190 3305 4,

1160 3315 1319 3349 Pausan.
1337 3313 1396 3357 X,
1416 3311 1479 3357 37,
1499 3315 1536 3358 4,
1555 3310 1724 3350 AEschin.
1748 3314 1792 3349 In
1811 3311 2049 3363 Ctesiphont.
2069 3322 2094 3351 t.
2121 3315 2189 3360 111,

1159 3385 1194 3421 p.
1216 3377 1289 3421 497
1312 3369 1370 3406 ed.
1392 3369 1534 3411 Reisk..
1557 3370 1751 3410 Plutarch.
1770 3371 1898 3409 Solon.
1920 3385 1950 3409 c.
1976 3385 2010 3409 2.
