2320 3684
626 147 961 189 APOLLODORI
988 146 1352 188 BIBLIOTHECAE
1380 148 1440 199 ΙΙ,
1473 153 1509 187 5.

2059 155 2133 188 139

17 234 192 292 σύμὸολον
208 240 269 278 τοῦ
282 235 472 294 πρωτεύειν
490 235 649 275 ἁπασῶν.
668 233 755 273 Ἐπὶ
767 237 889 272 τοῦτον
905 233 964 272 τὸν
982 235 1049 279 ζω-
1107 244 1158 276 Ad
1177 245 1264 277 hunc
1277 245 1374 286 igitur
1389 245 1532 278 balteum
1560 244 1796 287 apportandum
1824 245 1979 278 Hercules
1994 245 2135 279 emissus

16 301 130 352 στῆρα
142 298 322 353 Ἡρακλῆς
334 296 525 347 ἐπέμπετο,
539 292 660 333 λαὸεἴν
686 291 799 345 αὐτὸν.
813 291 1050 344 ἐπιθυμούσης

16 360 79 404 τῆς
110 355 316 411 Εὐρυσθέως
336 352 503 407 θυγατρὸς
522 351 706 403 Ἀδμήτης.

71 416 88 441 ³
101 414 325 469 Παραλαὸὼν
345 403 404 452 οῧν
426 410 606 455 ἐθελοντὰς
624 408 844 462 συμμάχους,
857 410 893 448 ἐν
910 414 975 462 μιᾷ
990 403 1050 455 νηῒ

18 474 131 522 ἔπλει,
153 474 210 512 καὶ
243 471 429 527 προσίσχει
459 469 557 523 νήσῳ
587 469 713 523 Πάρῳ,
745 469 788 516 ἣν
814 466 997 521 κατῴκουν
1017 469 1049 505 οἳ

19 534 159 576 Μίνωος
178 532 245 572 υἱοὶ
266 528 495 584 Εὐρυμέδων,
515 526 659 581 Χρύσης
671 559 681 577 ,
703 526 912 581 Νηφαλίων,
930 525 1044 566 Φιλό-

19 593 116 635 λαος.
141 591 226 630 Ἀπὸ
246 588 388 628 πάντων
404 587 422 604 *
442 586 479 625 δὲ
505 585 565 625 δύο
589 589 659 625 τῶν
690 588 726 625 ἐν
748 582 807 633 νηῒ
835 584 965 632 συνέὸη
989 600 1051 623 τε-

18 652 186 698 λευτῆσαι
211 647 282 687 ὑπὸ
303 649 375 686 τῶν
395 645 535 689 Μίνωος
553 647 649 684 υἱῶν.
677 642 695 668 4
717 643 828 699 Ὑπὲρ
844 637 892 683 ὧν
913 646 1049 696 ἀγανα-

21 710 115 748 κτῶν
127 706 328 762 (Ηρακλῆς,
351 704 493 749 τούτους
513 702 575 756 μὲν
594 707 818 758 παραχρῆμα
837 701 1022 742 ἀπέκτεινε
1036 732 1047 751 ,

20 766 98 811 τοὺς
116 765 153 806 δὲ
164 764 307 809 λοιποὺς
328 763 565 808 κατακλείσας
583 762 798 817 ἐπολιόρκει,
821 761 885 806 ἕως
904 763 1050 815 ἐπιπρε-

22 824 254 877 σὸευσάμενοι
275 822 504 878 παρεκάλουν
527 821 604 861 ἀντὶ
624 823 694 860 τῶν
718 820 967 876 ἀναιρεθέντων
993 819 1053 859 δύο

21 883 157 932 λαὸεἷν,
176 882 233 927 οὒς
246 882 287 921 ἂν
307 882 408 927 αὐτὸς
430 881 616 928 θελήσειεν.
628 882 644 907 ⁵
656 881 701 920 Ὁ
721 879 757 919 δὲ
773 880 882 924 λύσας
898 879 962 927 τὴν
982 892 1052 918 πο-

22 943 193 997 λιορκίαν,
215 942 275 981 καὶ
299 941 379 985 τοὺς
397 940 588 994 Ἀνδρόγεω
607 943 668 979 τοῦ
690 939 830 983 Μίνωος
851 939 945 983 υἱοὺς
968 940 1053 978 ἀνε-

22 1002 165 1053 λόμενος
182 1002 346 1054 Ἀγκαῖον
361 999 423 1039 καὶ
442 998 627 1051 Σθένελον,
646 994 731 1048 ἧκεν
749 1001 796 1043 εἷς
815 998 956 1037 Μυσίαν
969 997 1055 1050 πρὸς

23 1060 140 1101 Λύκον
159 1060 218 1100 τὸν
237 1059 437 1108 Δασκύλου,
455 1058 471 1083 ⁶
486 1058 547 1097 καὶ
567 1057 728 1104 ξενισθεὶς
747 1058 816 1097 ὑπὸ
836 1057 892 1075 ***
911 1059 1053 1110 (suppl.

23 1121 178 1160 videtur
188 1120 372 1167 ὑπἀὐτοῦ,
382 1117 506 1158 τούτου
521 1133 559 1156 τε
576 1117 650 1170 καὶ)
663 1121 724 1156 τοῦ
741 1117 926 1172 Βεὸρύκων
950 1120 1057 1169 βασι-

25 1178 112 1224 λέως
130 1177 399 1231 συμὸαλόντων,
417 1180 551 1231 βοηθῶν
568 1176 678 1231 Λύκῳ
696 1176 846 1221 πολλοὺς
860 1175 1056 1223 ἀπέκτεινε,

26 1237 102 1290 μεθ’
124 1230 172 1276 ὧν
192 1236 254 1277 καὶ
278 1236 336 1276 τὸν
359 1235 508 1290 βασιλέα
531 1235 700 1288 Μυγδόνα
724 1234 870 1290 ἀδελφὸν
892 1233 1057 1286 Ἀμύκου.

26 1296 99 1337 Καὶ
135 1295 198 1345 τὴν
218 1295 407 1350 Βεὸρύκων
439 1295 541 1335 πόλιν
573 1293 833 1346 ἀποτεμόμενος
862 1297 928 1347 γῆν
949 1293 1058 1332 ἔδωκε

25 1355 146 1410 Λύκῳ.
164 1355 209 1396 Ὁ
224 1354 260 1394 δὲ
279 1361 396 1394 πᾶσαν
415 1355 550 1402 ἐκείνην
570 1353 734 1392 ἐκάλεσεν
749 1353 975 1407 Ἡράκλειαν.

3 1431 17 1445 ·
80 1411 96 1437 ⁷
110 1413 428 1458 Καταπλεύσαντος
448 1413 484 1454 δὲ
501 1415 549 1457 εἷς
559 1411 618 1452 τὸν
636 1414 671 1451 ἐν
690 1411 901 1467 Θεμισκύρᾳ
919 1412 1059 1464 λιμένα,

25 1473 312 1528 παραγενομένης
330 1475 377 1518 ὥς
393 1472 498 1512 αὐτὸν
528 1471 757 1521 Ἱππολύτης,
775 1472 854 1521 καὶ,
874 1471 966 1515 τίνος
980 1471 1061 1519 ἥκοι

26 1533 146 1587 χάριν,
162 1531 381 1584 πυθομένης,
395 1532 455 1570 καὶ
469 1530 592 1570 δώσειν
609 1531 668 1570 τὸν
686 1534 850 1585 ζωστῆρα
867 1533 1061 1584 ὑπισχνου-

28 1591 154 1645 μένης,
173 1591 271 1646 ιἩρα
288 1598 353 1646 μιᾷ
371 1594 440 1630 τῶν
462 1590 661 1643 Ἀμαζόνων
683 1592 885 1630 εἰκασθεῖσα
906 1590 947 1629 τὸ
963 1591 1061 1638 πλῆ·

28 1652 84 1695 θος
105 1649 293 1705 ἐπεφοίτα,
315 1649 487 1702 λέγουσα·
509 1647 587 1695 Τὴν
611 1649 774 1702 βασιλίδα
795 1648 1060 1703 ἀφαρπάζουσιν

27 1710 60 1749 οἱ
75 1709 322 1764 προσελθόντες
339 1708 440 1754 ξένοι.
460 1710 507 1748 Αἱ
530 1707 566 1747 δὲ
585 1708 663 1759 μεθ’
679 1706 797 1747 ὅπλων
819 1708 877 1747 ἐπὶ
891 1707 954 1756 τὴν
975 1712 1060 1748 ναῦν

26 1767 189 1810 κατέθεον
201 1767 263 1807 σὺν
280 1767 413 1811 ἵπποις.
424 1766 509 1811 8”Ως
522 1766 558 1806 δὲ
572 1760 659 1806 εἶδεν
681 1765 789 1811 αὐτὰς
807 1767 1062 1820 καθωπλισμέ-

29 1843 89 1872 νας
111 1827 293 1882 Ἡρακλῆς
304 1856 313 1873 ,
333 1827 480 1878 νομίσας
497 1827 537 1864 ἐκ
554 1825 656 1865 δόλου
673 1830 776 1865 τοῦτο
794 1825 977 1879 γενέσθαι,
997 1826 1060 1875 τὴν

30 1886 95 1939 μὲν
127 1886 341 1934 Ἱππολύτην
373 1885 528 1934 κτείνας,
564 1885 622 1924 τὸν
655 1887 818 1940 ζωστῆρα
851 1888 1062 1940 ἀφαιρεῖται·

29 1946 114 2000 πρὸς
134 1945 170 1984 δὲ
185 1946 247 1991 τὰς
258 1945 383 1990 λοιπὰς
401 1944 663 1998 ἀγωνισάμενος
683 1947 857 1995 ἀποπλεῖ,
876 1945 935 1984 καὶ
952 1961 1063 2000 προσ-

31 2004 121 2058 ίσχει
137 2005 261 2060 Τροίᾳ.

84 2065 101 2089 ⁹
121 2063 355 2112 Συνεὸεὸήκει
375 2062 412 2102 δὲ
435 2062 514 2102 τότε
531 2063 623 2102 κατὰ
643 2065 746 2115 μῆνιν
767 2061 985 2107 Ἀπόλλωνος
1003 2062 1063 2102 καὶ

33 2124 250 2167 Ποσειδῶνος
289 2125 431 2175 ἀτυχεῖν
459 2120 522 2169 τὴν
559 2121 675 2161 πόλιν.
710 2120 889 2160 Ἀπόλλων
908 2125 975 2175 γὰρ
1003 2121 1063 2160 καὶ

29 2183 226 2230 Ποσειδῶν,
242 2180 305 2229 τὴν
325 2180 569 2232 Λαομέδοντος
587 2180 686 2235 ὕὸριν
700 2180 868 2234 πειράσαι
888 2181 1062 2230 θέλοντεςῖ,

32 2240 247 2284 εἰκασθέντες
263 2240 476 2294 ἀνθρώποις,
499 2239 694 2291 ὑπέσχοντο
714 2239 772 2277 ἐπὶ
787 2241 903 2290 μισθῷ
921 2245 1064 2293 τειχιεῖν

30 2299 74 2339 τὸ
91 2298 296 2353 Πέργαμον.
311 2301 395 2342 Τοῖς
413 2298 449 2336 δὲ
471 2297 648 2351 τειχίσασι
669 2297 727 2337 τὸν
750 2298 871 2349 μισθὸν
892 2299 956 2337 οὐκ
975 2301 1065 2337 ἀπε·

34 2358 143 2398 δίδου.
164 2357 272 2398 ωΔιὰ
283 2362 386 2397 τοῦτο
410 2357 588 2397 Ἀπόλλων
601 2356 664 2409 μὲν
684 2356 806 2409 λοιμὸν
821 2356 970 2411 ἔπεμψε,
990 2360 1068 2397 Πο-

35 2418 159 2456 σειδῶν
179 2416 216 2455 δὲ
244 2420 350 2464 κῆτος
375 2415 631 2471 ἀναφερόμενον
653 2416 721 2455 ὑπὸ
748 2417 1018 2471 πλημμυρίδος,
1049 2416 1068 2456 δ

34 2475 113 2520 τοὺς
130 2477 165 2515 ἐν
184 2478 235 2529 τῷ
254 2476 364 2530 πεδίῳ
380 2476 596 2529 συνήρπαζεν
608 2474 820 2529 ἀνθρώπους.
840 2475 868 2500 ¹¹
886 2476 1067 2529 Χρησμῶν

36 2534 74 2574 δὲ
91 2535 277 2588 λεγόντων,
298 2534 508 2587 ἀπαλλαγὴν
525 2535 665 2574 ἔσεσθαι
695 2537 764 2573 τῶν
786 2537 989 2589 συμφορῶν,
1007 2535 1066 2574 ἐὰν

36 2595 147 2648 προθῇ
163 2593 356 2645 Λαομέδων
375 2593 543 2641 Ἡσιόνην
561 2591 623 2640 τὴν
641 2593 815 2646 θυγατέρα
834 2595 940 2632 αὐτοῦ
961 2593 1068 2648 βορὰν

37 2651 155 2701 κήτει,
175 2655 193 2691 ὁ
210 2651 247 2691 δὲ
259 2653 435 2707 προῦθηκε
454 2659 529 2696 ταῖς
551 2652 700 2700 πλησίον
721 2655 783 2700 τῆς
805 2652 985 2700 θαλάσσης
1000 2653 1069 2691 πέ-

38 2724 134 2765 τραις
142 2711 398 2765 προσαρτήσας.
429 2712 461 2737 ¹2
477 2710 621 2758 Ταύτην
636 2710 719 2749 ἰδὼν
730 2710 936 2762 ἐκκειμένην
957 2711 1073 2766 Ἥρα-

39 2770 136 2818 ὶλῆς,
146 2768 319 2822 ὑπέσχετο
327 2770 451 2809 σώσειν
460 2769 620 2819 αὖτὴν,εἷ
637 2769 698 2814 τὰς
717 2769 846 2813 ἵππους
864 2770 960 2824 παρὰ
973 2773 1071 2810 Λαο-

41 2826 200 2879 μέδοντος
215 2829 377 2883 λήψεται,
392 2829 432 2875 ἃς
449 2829 534 2874 Ζεὺς
551 2828 673 2877 ποινὴν
687 2833 749 2876 τῆς
761 2829 990 2882 Γανυμήδους
1007 2832 1073 2883 ἁρ-

41 2888 155 2937 παγῆς
167 2885 285 2926 ἔδωκε.
304 2887 437 2927 Δώσειν
456 2887 493 2926 δὲ
510 2887 752 2940 Λαομέδοντος
777 2889 951 2939 εἰπόντος,
975 2891 1072 2929 κτεί-

43 2956 103 2989 νας
119 2944 159 2983 τὸ
182 2949 285 2993 κῆτος
311 2946 479 2995 Ἡσιόνην
501 2947 623 2986 ἔσωσε.
644 2947 705 2995 Μὴ
729 2950 941 3001 βουλομένου
959 2948 995 2987 δὲ
1012 2949 1070 2989 τὸν

46 3002 165 3052 μισθὸν
201 3005 414 3053 ἀποδοῦναι,
455 3005 668 3057 πολεμήσειν
702 3006 835 3060 Τροίαν
879 3007 1073 3055 ἀπειλήσας

47 3059 180 3113 ἀνήχθη
193 3093 202 3111 ,
219 3063 279 3101 καὶ
296 3063 482 3117 προσίσχει
493 3064 601 3118 Αἴνῳ.

71 3152 74 3153 ⁷
98 3116 130 3142 ¹³
139 3118 251 3160 Ἔνθα
270 3121 433 3167 ξενίζεται
453 3122 519 3161 ὑπὸ
534 3122 703 3167 Πόλτυος.
725 3123 927 3163 Ἀποπλέων
945 3124 995 3173 δὲ,
1015 3124 1072 3162 ἐπὶ

45 3177 106 3223 τῆς
131 3179 249 3224 ἠϊόνος
274 3183 336 3227 τῆς
367 3180 488 3225 Αἰνίας
513 3181 745 3234 Σαρπηδόνα,
763 3183 981 3226 Ποσειδῶνος
1007 3181 1070 3233 μὲν

48 3234 133 3284 υἱὸν,
153 3237 298 3292 ἀδελφὸν
319 3238 356 3278 δὲ
385 3239 564 3289 Πόλτυος,
586 3239 752 3293 ὖὸριστὴν
779 3240 884 3289 ὄντα,
909 3240 1072 3285 τοξεύσας

47 3291 236 3335 ἀπέκτεινε.
259 3297 332 3335 Καὶ
345 3297 626 3350 παραγενόμενος
642 3300 689 3342 εἷς
706 3298 842 3347 Θάσον,
857 3299 917 3337 καὶ
937 3314 1067 3351 χειρω-

47 3350 193 3403 σάμενος
210 3354 288 3400 τοὺς
303 3358 518 3401 ἐνοικοῦντας
530 3360 676 3411 Θρᾷκας
687 3388 697 3408 ,
712 3357 821 3396 ἔδωκε
839 3364 910 3401 τοῖς
929 3357 1070 3410 Ἀνδρό-

1106 306 1165 338 est,
1184 311 1288 343 quum
1302 304 1440 337 Admeta
1454 305 1631 346 Eurysthei
1646 304 1713 337 filia
1726 313 1801 338 eum
1817 304 2071 346 concupisceret.

1149 419 1163 438 ³
1174 417 1336 449 Assumtis
1355 417 1464 458 itaque
1478 418 1575 451 sociis
1592 418 1795 459 voluntariis,
1812 428 1878 452 una
1898 428 1982 452 nave
2003 423 2137 454 avectus

1108 472 1238 513 appellit
1253 475 1373 506 Parum
1386 476 1540 517 insulam,
1555 486 1654 518 quam
1670 477 1789 510 Minois
1801 477 1857 510 filii
1873 478 2057 512 incolebant
2069 481 2137 512 Eu-

1108 529 1276 570 rymedon,
1294 532 1447 573 Chryses,
1463 535 1652 576 Nephalion,
1667 535 1843 568 Philolaus.
1854 538 1977 569 Eorum
1992 546 2070 570 vero
2081 538 2137 579 qui

1108 585 1143 618 in
1161 595 1244 619 nave
1256 590 1360 627 erant,
1375 589 1491 622 accidit
1510 592 1547 623 ut
1565 592 1632 624 duo
1647 601 1666 624 a
1686 593 1805 626 Minois
1829 593 1905 626 filiis
1926 594 2139 627 interficeren-

1108 644 1173 676 tur.
1191 649 1206 668 ⁴
1219 647 1267 677 De
1282 654 1423 686 quorum
1439 648 1528 680 caede
1550 649 1736 690 indignatus
1752 651 1907 684 Hercules
1932 652 1993 685 hos
2007 652 2140 694 quidem

1110 703 1221 735 statim
1233 703 1353 736 occidit
1369 727 1379 744 ,
1405 713 1443 737 ac
1458 705 1599 747 reliquos
1613 707 1698 740 intra
1712 709 1868 750 oppidum
1887 709 2030 743 inclusos
2056 710 2141 744 obsi-

1110 762 1209 794 dione
1229 762 1415 803 premebat,
1432 763 1536 796 donec
1555 773 1612 806 per
1627 765 1748 806 legatos
1769 767 1810 799 ab
1831 769 1969 802 Hercule
1990 769 2142 811 precibus

1110 822 1265 861 peterent,
1285 822 1323 852 ut
1337 829 1397 862 pro
1411 821 1544 855 duobus
1559 824 1683 856 necatis
1695 825 1775 858 alios
1791 826 1887 866 duos,
1903 836 1987 868 quos
1997 828 2067 869 ipse
2080 828 2144 861 vel·

1110 878 1156 911 let
1168 901 1176 914 ,
1196 878 1258 911 sihi
1272 881 1426 912 sumeret.
1442 883 1456 902 ⁸
1468 882 1552 912 Tum
1568 880 1637 921 ille,
1655 882 1759 914 soluta
1774 883 1951 924 obsidione,
1968 888 2144 927 postquam

1112 939 1292 981 Androgei,
1303 940 1442 982 Minois,
1459 941 1545 973 filios
1560 941 1697 982 elegerat
1711 945 1866 975 Ancaeum
1882 947 1914 977 et
1931 946 2120 978 Sthenelum
2133 970 2142 985 ,

1112 997 1146 1029 in
1159 997 1298 1038 Mysiam
1311 997 1399 1030 venit
1412 998 1452 1030 ad
1468 1000 1595 1039 Lycum
1607 999 1737 1040 Dascyli
1749 1002 1874 1042 natum,
1883 1006 1918 1033 ⁸a
1927 1011 1992 1043 quo
2005 1002 2146 1043 hospitio

1113 1056 1281 1096 exceptus,
1296 1064 1400 1096 quum
1414 1055 1468 1088 ille
1482 1065 1520 1088 ac
1532 1056 1714 1097 Bebrycum
1730 1066 1786 1089 rex
1804 1067 1911 1099 pugna
1926 1060 2145 1101 confligerent,

1113 1115 1202 1155 Lyco
1215 1113 1390 1147 auxiliatus
1405 1114 1526 1146 multos
1538 1114 1668 1156 occidit,
1686 1115 1769 1147 inter
1779 1124 1898 1157 eosque
1910 1117 2006 1149 etiam
2019 1118 2148 1159 Mygdo-

1115 1180 1190 1204 nem
1206 1181 1325 1214 regem,
1338 1172 1472 1206 fratrem
1487 1174 1622 1214 Amyci;
1640 1175 1736 1214 atque
1749 1182 1898 1214 magnam
1914 1176 2010 1207 terrae
2023 1179 2148 1217 partem

1116 1232 1300 1274 Bebrycum
1311 1233 1435 1266 civitati
1451 1234 1614 1266 ademtam
1629 1233 1719 1266 dedit
1733 1236 1833 1275 Lyco.
1850 1235 1911 1268 Hic
1923 1236 2025 1268 totam
2060 1236 2149 1268 illam

1117 1291 1279 1332 regionem
1294 1291 1469 1333 appellavit
1483 1291 1684 1325 Heracleam.

1160 1423 1174 1444 ⁷
1189 1421 1269 1454 Inde
1285 1421 1442 1456 Hercules
1454 1420 1676 1463 Themiscyrae
1692 1423 1826 1464 portum
1837 1422 2002 1464 ingressus
2021 1424 2082 1455 est.
2103 1423 2154 1456 Ad

1119 1500 1217 1533 quern
1227 1500 1331 1533 quum
1347 1492 1474 1524 veniret
1489 1491 1675 1533 Hippolyte,
1692 1494 1724 1524 et
1736 1492 1898 1524 adventus
1918 1500 2070 1525 caussam
2085 1501 2155 1534 per-

1120 1562 1250 1594 contata
1263 1561 1407 1594 balteum
1419 1570 1454 1594 se
1466 1561 1617 1594 daturam
1633 1571 1704 1613 osse
1714 1562 1933 1604 polliceretur,
1947 1565 1968 1595 J
1970 1572 2048 1604 uno,
2060 1566 2154 1596 Ama·

1120 1642 1239 1665 zonum
1251 1633 1309 1665 uni
1325 1632 1520 1673 assimilata,
1538 1633 1781 1666 multitudinem
1804 1634 1917 1667 adiens
1932 1634 2097 1667 nuntiavit
2109 1643 2155 1668 re-

1120 1703 1229 1745 ginam
1245 1703 1364 1745 rapiab
1376 1703 1523 1735 advenis.
1539 1705 1624 1735 Tum
1639 1702 1714 1744 illae,
1729 1703 1830 1746 captis
1838 1704 1968 1744 sumtis,
1984 1705 2026 1738 ad
2038 1713 2155 1738 navem

1121 1776 1215 1817 equis
1231 1777 1335 1808 vectae
1351 1775 1539 1807 decurrunt.
1557 1778 1572 1797 ⁸
1587 1775 1744 1807 Hercules
1764 1778 1801 1808 ut
1816 1778 1958 1809 armatas
1974 1778 2154 1819 conspexit,

1122 1854 1190 1878 rem
1207 1845 1283 1877 dolo
1295 1844 1363 1886 geri
1377 1847 1480 1886 ratus,
1498 1846 1612 1877 necata
1628 1845 1804 1886 Hippolyte
1819 1845 1967 1878 balteum
1984 1848 2089 1880 aufert
2101 1872 2110 1888 ‚
2124 1850 2157 1881 et

1122 1915 1256 1957 reliquis
1268 1925 1377 1957 pugna
1393 1915 1543 1956 devictiS,
1558 1924 1641 1948 nave
1654 1917 1788 1948 avectus
1807 1917 1940 1958 appellit
1957 1895 2098 1960 Trojarn.

1163 2070 1179 2090 ⁹
1191 2066 1318 2100 Accidit
1325 2075 1404 2100 vero
1413 2067 1452 2100 ut
1459 2067 1532 2100 tum
1547 2066 1703 2108 temporis
1726 2075 1781 2108 per
1790 2068 1948 2110 Apollinis
1965 2073 1997 2103 et
2018 2073 2158 2113 Neptuni

1123 2133 1205 2165 iram
1219 2132 1334 2165 civitas
1350 2132 1532 2164 calamitate
1547 2135 1758 2172 premeretur.
1775 2134 1889 2175 Apollo
1902 2135 2026 2168 enimet
2040 2138 2157 2178 Neptu·

1123 2207 1204 2239 nus,
1220 2200 1257 2230 ut
1285 2197 1516 2230 Laomedontis
1531 2196 1697 2238 perfidiam
1716 2198 1951 2239 experirentur,
1968 2201 2159 2234 mortalibus

1124 2262 1307 2301 assimilati,
1316 2264 1410 2303 pacta
1416 2260 1562 2293 mercede
1571 2263 1763 2302 Pergamum
1771 2271 1806 2294 se
1819 2271 1914 2295 muro
1919 2263 2159 2297 cincturosesse

1125 2327 1258 2370 polliciti
1274 2329 1376 2360 erant.
1395 2326 1457 2358 Sed
1470 2334 1564 2358 muro
1583 2329 1749 2358 exstructo
1765 2327 1946 2360 mercedem
1961 2338 2026 2361 non
2049 2329 2157 2362 solvit.

1129 2399 1155 2418 ¹⁰
1170 2394 1344 2434 Propterea
1357 2391 1470 2433 Apollo
1480 2394 1604 2433 pestem
1617 2391 1766 2432 immisit,
1777 2395 1945 2434 Neptunus
1959 2395 2160 2426 exaestuante

1127 2459 1209 2491 mari
1233 2460 1265 2492 in
1285 2460 1403 2491 terram
1424 2457 1566 2490 belluam
1594 2457 1705 2498 eiecit,
1722 2466 1796 2498 quae
1809 2458 1962 2491 mortales
1979 2458 2013 2490 in
2032 2459 2154 2500 campis

1127 2523 1329 2565 corripiebat.
1341 2521 1631 2555 ¹¹vaticinantibus
1645 2522 1782 2554 oraculis
1797 2523 1955 2555 malorum
1968 2523 2064 2556 finem
2080 2525 2158 2565 sore,

1129 2588 1158 2620 si
1169 2587 1357 2620 Laomedon
1390 2586 1551 2620 Hesionen
1572 2585 1671 2618 filiam
1688 2587 1760 2619 ceto
1776 2586 1990 2619 devorandam
2004 2597 2159 2629 exposue-

1129 2653 1187 2694 rit,
1205 2653 1363 2695 proximis
1385 2652 1467 2684 mari
1482 2652 1570 2684 saxis
1592 2652 1751 2693 alligatam
1769 2655 1947 2693 proposuit.
1967 2657 1994 2676 Ὠ
2007 2655 2098 2686 Hanc
2113 2654 2159 2687 ita

1130 2718 1312 2760 expositam
1338 2720 1375 2750 ut
1389 2717 1472 2749 vidit
1488 2717 1662 2754 Hercules,
1684 2726 1719 2749 se
1735 2719 1939 2749 servaturum
1958 2726 2029 2749 eam
2043 2719 2161 2759 promi-

1132 2784 1186 2825 sit,
1206 2784 1233 2815 si
1249 2791 1349 2824 equas
1365 2791 1384 2814 a
1400 2783 1620 2815 Laomedonte
1642 2781 1819 2822 acciperet,
1836 2790 1917 2822 quas
1933 2781 2060 2822 Jupiter
2077 2785 2159 2825 rapti

1131 2847 1331 2890 Ganymedis
1347 2847 1486 2888 pretium
1502 2847 1643 2879 dederat.
1662 2846 1757 2884 Quod
1771 2854 1873 2886 quum
1890 2846 2078 2879 Laomedon
2095 2849 2162 2889 pol-

1131 2914 1293 2953 liceretur,
1307 2913 1461 2945 Hercules
1474 2914 1579 2944 cetum
1593 2910 1756 2943 interemit
1767 2911 1799 2942 et
1823 2910 1986 2942 Hesionen
1998 2911 2161 2948 liberavit.

1132 2978 1191 3010 lllo
1207 2986 1284 3009 vero
1301 2975 1482 3008 mercedem
1495 2977 1663 3006 recusante
1675 2973 1796 3006 bellum
1809 2974 1913 3015 Trojae
1926 2974 2069 3008 minatus
2082 2976 2162 3008 abiit

1131 3043 1163 3073 et
1179 3041 1294 3073 deinde
1310 3040 1434 3081 appulit
1449 3041 1581 3071 AEnum.

1176 3139 1203 3158 ¹³
1218 3134 1266 3166 lbi
1279 3142 1298 3165 a
1313 3132 1425 3172 Poltye
1442 3131 1582 3172 hospitio
1595 3131 1768 3172 excipitur.
1786 3130 1849 3164 Ubi
1867 3133 1975 3164 autem
1993 3141 2078 3165 nave
2092 3143 2164 3175 pro-

1131 3193 1274 3224 fecturus
1290 3194 1369 3230 erat,
1396 3189 1430 3221 in
1457 3189 1549 3222 litore
1576 3190 1718 3222 AEniensi
1745 3190 1961 3232 Sarpedonem
1974 3191 2115 3232 Neptuni
2127 3191 2161 3223 fi-

1131 3251 1223 3289 lium,
1246 3250 1378 3281 fratrem
1400 3248 1545 3289 Poltyis‚
1572 3251 1702 3290 propter
1725 3248 1932 3281 insolentiam
1957 3249 2074 3290 sagitta
2089 3258 2161 3282 con-

1130 3309 1233 3340 fixum
1254 3307 1383 3339 occidit.
1401 3306 1481 3338 Inde
1495 3315 1597 3347 quum
1613 3306 1655 3338 ad
1671 3306 1813 3338 Thasum
1832 3305 1977 3338 venisset
1988 3330 1997 3346 ,
2015 3306 2160 3339 subactis

1133 3365 1323 3404 Thracibus,
1339 3364 1482 3397 insulam
1498 3364 1659 3405 Androgei
1672 3364 1747 3397 filiis
1760 3363 1967 3396 habitandam
1984 3365 2146 3397 concessit
