2294 3704
149 222 294 253 Lxxxtl

146 314 190 351 p.
208 298 299 349 392)
324 297 426 334 inter
440 295 648 332 nobiliores
665 290 866 329 Atthidum
887 287 1092 338 scriptores
1111 299 1172 323 re-

153 360 295 406 fertur,
329 353 623 404 distinguendus
644 358 701 387 est
720 349 768 386 ab
794 348 974 385 Androne
994 346 1175 397 Ephesio,

151 417 262 468 eujus
291 428 414 466 opus,
440 411 594 465 Τρίπους
620 409 870 459 inscriptum,
897 413 1134 444 memoratur
1154 417 1175 441 a

153 476 271 515 Suida
288 488 321 511 v.
339 471 485 522 Σαμίων
505 473 522 508 6
539 470 658 519 δῆμος.
680 471 738 505 Ex
756 480 802 504 eo
817 473 971 516 sumpta
988 472 1078 502 sunt
1092 475 1176 514 quae

155 535 259 585 apud
276 532 428 571 Suidam
448 531 470 566 l.
485 530 509 566 l.
532 529 723 578 leguntur,
750 526 920 575 itemque
942 537 1027 575 quae
1047 523 1174 561 Schol.

158 593 268 631 Pind.
291 591 423 629 lstlnn.
441 591 492 635 ΙΙ,
513 601 570 635 17,
592 586 639 623 de
652 585 893 623 Aristodemo
922 582 1063 621 tradit:
1087 595 1177 632 pro-

160 653 222 689 cul
253 650 372 687 dubio
399 648 512 685 etiam
539 645 642 696 apud
666 643 819 682 Aristid.
836 645 912 681 vol.
930 644 986 680 IlI
1002 669 1010 685 ,
1038 655 1076 692 p.
1102 642 1174 687 517

154 710 287 760 steph.
315 707 449 746 Andro
473 718 545 757 pro
569 704 812 741 Androtione
837 701 1082 753 reponendus
1109 708 1177 747 est,

156 782 276 819 quum
301 780 386 817 quae
408 765 461 803 ibi
482 763 714 803 exhibentur
731 775 778 800 ex
802 761 974 812 Tripode
994 760 1178 811 deprom-

158 835 224 878 pta
245 839 326 863 esse
342 824 549 861 videantur
567 821 626 874 (V.
640 821 804 858 Androt.
822 820 956 869 fragm.
980 818 1070 868 39).

209 886 268 923 Ad
292 883 482 920 Andronis
504 879 847 920 Halicarnassensis
866 877 1063 916 Atthidem
1087 890 1179 927 per-

156 945 281 981 tinent
301 943 394 980 haec.

209 1003 310 1040 Plut.
325 1001 442 1038 Thes.
459 1013 492 1038 c.
510 998 558 1036 25
575 1012 582 1035 :
600 993 716 1035 ’Ἔνιοι
741 995 778 1034 δέ
802 1010 906 1048 φασιν
928 993 986 1032 ἐπὶ
1006 992 1178 1047 Σκείρωνι

155 1062 200 1099 τὰ
217 1058 362 1110 Ἴσθμια
390 1060 553 1104 τεθῆναι,
581 1059 642 1093 τοῦ
666 1054 814 1101 Θησέως
843 1051 1096 1106 ἀφοσιουμένου
1121 1049 1179 1089 τὸν

157 1120 261 1171 φόνον
285 1117 340 1155 διὰ
363 1116 426 1163 τὴν
453 1113 666 1166 συγγένειαν.
695 1112 877 1166 Σκείρωνα
902 1110 970 1164 γὰρ
994 1110 1066 1148 υἱὸν
1093 1104 1181 1147 εἶναι

159 1176 326 1223 Κανήθου
353 1175 413 1214 καὶ
437 1172 604 1225 Ἡνιόχης
627 1175 688 1218 τῆς
717 1171 888 1214 Πιτθέως.
918 1173 964 1209 Οἱ
988 1169 1024 1207 δὲ
1051 1168 1181 1215 Σίννιν,

158 1236 236 1288 οὐχὶ
257 1235 439 1286 Σκείρωνα
462 1248 470 1256 ·
500 1232 560 1270 καὶ
581 1230 638 1270 τὸν
656 1233 775 1282 ἀγῶνα
806 1233 947 1277 τεθῆναι
975 1227 1030 1266 διὰ
1063 1231 1181 1266 τοῦτον

159 1295 227 1333 ὑπὸ
246 1293 414 1340 Θησέως,
437 1293 475 1330 οὐ
505 1292 546 1328 δι’
568 1293 708 1328 ἐκεῖνον.
729 1288 881 1334 Ἔταξεν
904 1282 960 1327 οὖν
981 1286 1041 1325 καὶ
1061 1285 1182 1339 διωρίἡ

161 1358 248 1391 σατο
262 1352 346 1405 πρὸς
360 1350 436 1395 τοὺς
458 1348 659 1404 Κορινθίους
679 1347 869 1394 Ἀθηναίων
890 1352 961 1389 τοῖς
979 1343 1183 1398 ἀφικνουμέ-

159 1427 230 1456 νοις
257 1410 315 1449 ἐπὶ
333 1410 377 1448 τὰ
391 1408 535 1459 Ἴσθμια
554 1406 720 1460 παρέχειν
742 1405 926 1460 προεδρίαν
955 1403 1032 1442 ὅσον
1059 1401 1100 1440 ἂν
1123 1401 1184 1440 τό-

161 1485 225 1508 πον
239 1469 369 1520 ἐπίσχῃ
387 1463 651 1505 καταπετασθὲν
662 1464 702 1503 τὸ
714 1468 775 1510 τῆς
789 1464 950 1515 θεωρίδος
964 1460 1047 1505 νεὼς
1060 1461 1183 1508 ἱστίον,

161 1531 206 1572 ὡς
222 1527 429 1569 Ἑλλάνικος
451 1523 511 1563 καὶ
533 1521 685 1576 Ἄνδρων
706 1526 723 1562 6
750 1520 1013 1575 Ἁλικαρνασεὺς
1042 1519 1185 1574 ἱστορή-

160 1602 276 1625 κασιν.

1200 1669 1279 1692 000

816 202 884 240 DE
902 197 1177 240 ATTHIDUM
1206 195 1580 236 SCRIPTORIBUS.

1285 284 1425 323 strabo
1441 287 1511 331 IX,
1528 296 1567 334 p.
1586 283 1675 330 601,
1695 294 1806 332 quem
1820 281 1948 318 locum
1965 279 2094 317 videas
2109 278 2148 316 in
2166 276 2251 317 Phi-

1232 344 1330 381 loch.
1354 343 1486 395 fragm.
1505 342 1567 380 35.

1286 402 1414 441 schol.
1445 400 1642 451 Aristoph.
1666 403 1765 438 nan.
1796 399 1894 443 1418
1917 395 2054 449 (1469)
2073 411 2082 434 :
2102 396 2251 449 Πρῶτον

1235 459 1297 511 μὲν
1319 455 1376 498 οὖν
1401 460 1480 513 περὶ
1502 458 1738 509 Ἀλκιὸιάδου]
1769 457 1857 510 Περὶ
1882 459 1943 503 τῆς
1973 454 2135 508 δευτέρας
2157 452 2252 506 λέγει

1239 521 1341 558 αὐτοῦ
1369 517 1626 571 ἀποχωρήσεως
1638 546 1648 564 ,
1671 516 1714 563 ἣν
1736 514 1824 554 ἑκὼν
1844 515 1948 568 ἔφυγε
1962 545 1972 562 ,
1991 511 2169 552 κατελθὼν
2188 510 2251 563 μὲν

1234 578 1291 617 ἐπὶ
1307 576 1515 630 Ἀντιγένους
1533 574 1602 628 πρὸ
1623 577 1781 614 ἐνιαυτοῦ
1806 577 1874 612 τῶν
1896 571 2110 625 Βατράχων,
2134 568 2192 609 διὰ
2216 568 2254 614 δὲ

1234 636 1273 676 τὸ
1292 641 1476 675 πιστεῦσαι
1497 634 1664 688 Ἀντιόχῳ
1678 637 1728 687 τῷ
1747 632 1941 685 κυὸερνήτῃ
1965 630 2005 670 τὸ
2018 628 2180 668 ναυτικὸν
2193 629 2258 668 καὶ

1234 699 1427 744 ἡττηθῆναι
1444 694 1510 732 ὑπὸ
1528 693 1733 746 Λυσάνδρου
1751 689 1992 744 δυσχερανθεὶς
2014 687 2080 727 ὑπὸ
2102 686 2255 735 Ἀθηναί·

1235 771 1295 794 ων.
1321 753 1472 806 Ἄνδρων
1491 751 1527 790 δὲ
1551 751 1750 805 διαφέρεται
1769 750 1854 803 πρὸς
1870 750 2080 802 Ξενοφῶντα
2095 745 2176 798 περὶ
2194 747 2256 792 τῆς

1235 811 1394 851 καθόδου.
1424 811 1494 849 Hic
1521 809 1619 848 adde
1644 810 1773 846 locum
1800 808 1982 859 Apollon.
2013 810 2129 856 Dysc.
2157 804 2254 842 nist.

1237 884 1371 908 comm.
1387 884 1419 907 c.
1438 870 1460 906 8
1474 883 1485 920 3
1502 867 1703 919 quemjam
1719 881 1796 904 non
1816 867 1906 904 licet
1921 865 2014 903 mihi
2029 863 2256 903 exscribere.

1289 933 1347 967 Ex
1375 929 1578 966 Melautlzic‘
1610 927 1757 963 Atthide
1788 926 1870 963 haec
1909 923 2122 962 afferuntur
2154 919 2258 972 apud

1236 990 1465 1037 Harpocrat.
1483 999 1518 1023 v.
1532 983 1726 1039 Γρυπάνιον
1743 999 1750 1021 :
1767 983 1840 1022 Καὶ
1857 981 2048 1026 Μελάνθιος
2065 982 2100 1021 ἐν
2116 979 2260 1034 δευτέρᾳ

1237 1045 1389 1089 Ἀτθίδος
1408 1042 1530 1092 εἰπὼν,
1549 1061 1564 1077 «
1581 1042 1734 1094 Σεισμὸς
1750 1042 1869 1093 γέγονε
1891 1040 1951 1079 καὶ
1967 1039 2114 1093 ἔγρυπεν
2129 1041 2153 1087 ἠ
2169 1041 2228 1090 γῆ.
2243 1055 2260 1072 ¹·

1290 1103 1397 1141 Idem
1433 1102 1480 1140 de
1514 1101 1704 1150 mysteriis
1735 1101 1932 1151 scripsisse
1963 1099 2116 1137 videtur
2143 1100 2262 1155 Hems

1238 1162 1428 1200 sterhusio
1440 1160 1487 1198 ad
1499 1160 1628 1199 Schol.
1640 1160 1836 1211 Aristoph.
1853 1160 1952 1198 Plut.
1966 1158 2057 1205 846,
2073 1156 2141 1194 ubi
2154 1156 2235 1193 haec
2250 1168 2259 1191 :

1238 1225 1364 1268 Παίζει
1397 1222 1494 1277 παρὰ
1520 1223 1578 1261 τὸν
1607 1222 1821 1262 Ἐλευσίνιον
1849 1222 1954 1274 νόμον
1970 1236 1978 1244 ·
2007 1219 2082 1264 ἔθος
2113 1220 2182 1274 γὰρ
2203 1213 2262 1270 ἦν,

1239 1284 1273 1320 ἐν
1290 1278 1339 1326 οἷς
1354 1298 1404 1325 τις
1418 1281 1570 1333 ἱματίοις
1591 1282 1753 1332 μυηθείη,
1779 1283 1824 1324 εἷς
1843 1284 1922 1320 θεοῦ
1940 1279 2033 1325 τινὸς
2048 1283 2160 1319 ταῦτα
2177 1275 2264 1316 ἅνα-

1239 1341 1392 1388 τιθέναι,
1415 1339 1534 1393 ὥσπερ
1559 1341 1658 1387 δηλοῖ
1676 1339 1736 1378 καὶ
1756 1339 1948 1384 Μελάνθιος
1967 1341 2001 1378 ἐν
2020 1340 2071 1392 τῷ
2089 1337 2180 1391 Περὶ
2201 1353 2264 1388 μυ-

1244 1398 1395 1452 στηρίων
1411 1413 1419 1421 ·
1445 1416 1460 1433 «
1473 1397 1628 1451 Πάτριόν
1651 1399 1724 1437 ἐστι
1748 1403 1822 1440 ταῖς
1839 1401 1931 1440 θεαῖς
1949 1399 2101 1450 ἀνιεροῢν
2125 1395 2185 1434 καὶ
2203 1394 2264 1438 τὰς

1241 1456 1366 1500 στολὰς
1381 1464 1452 1502 τοῖς
1468 1457 1614 1510 μύσταις
1633 1458 1667 1495 ἐν
1686 1451 1739 1500 αἷς
1757 1456 1894 1509 τύχοιεν
1907 1455 2132 1508 μυηθέντες.»

1293 1517 1473 1555 Dubitari
1507 1526 1632 1555 tamen
1661 1524 1809 1568 potest,
1828 1529 1920 1554 num
1949 1516 2009 1553 his
2038 1513 2266 1566 pericularis

1242 1578 1290 1615 de
1304 1577 1498 1627 Mysteriis
1514 1576 1612 1614 liber
1629 1576 1874 1627 significetur,
1889 1588 1937 1613 an
1953 1582 2069 1626 caput
2083 1572 2264 1611 Atthidis.

162 1765 469 1829 CLIDEMI,
495 1762 923 1825 PHANODEMI,
946 1758 1283 1822 DEMONIS,
1307 1754 1816 1818 ANDROTIONIS,
1837 1752 2268 1805 PHILOCHORI

947 1846 1039 1898 ET
1061 1844 1243 1897 ISTRI
1274 1840 1481 1893 VITAE.

1127 1964 1323 1980 ⁴·00-—‘

539 2053 808 2095 CLIDEMUS.

219 2166 433 2203 Clidemum
444 2178 519 2202 non
532 2164 689 2202 differre
701 2178 722 2201 a
735 2164 962 2210 Clitodemo,
976 2164 1042 2214 qui
1057 2178 1077 2201 a
1089 2167 1183 2202 Pau-

164 2224 268 2262 sania
292 2225 361 2275 (fr.
396 2223 479 2274 15),
495 2224 686 2273 Hesychio
707 2222 771 2274 (fr.
793 2224 859 2271 16,
879 2223 946 2275 25)
973 2224 1186 2261 Scholiasta

158 2284 297 2334 ,Eurip.
311 2283 371 2333 (fr.
387 2282 448 2333 10)
463 2282 652 2330 laudatur,
664 2283 773 2320 facile
787 2283 985 2329 concedes,
997 2283 1028 2319 si
1037 2291 1187 2332 reputa-

163 2341 276 2387 veris,
294 2342 459 2378 aliorum
475 2342 672 2378 nominum
688 2341 863 2379 similiter
876 2342 1001 2379 varias
1012 2342 1186 2380 exhiberi

165 2402 305 2449 formas
337 2400 409 2450 (sic
430 2400 678 2438 Cleandridas
689 2401 1132 2451 appellaturCleandrias
1149 2411 1187 2439 et

165 2459 391 2498 Cleandrus:
409 2459 484 2495 vid.
502 2459 600 2496 Plut.
612 2460 691 2496 Vir.
705 2461 789 2498 Nic.
805 2461 865 2507 28,
877 2460 954 2497 Vit.
972 2461 1103 2498 Pericl.
1122 2464 1185 2508 23,

164 2519 279 2555 Diod.
298 2520 415 2564 XIII,
436 2517 525 2563 106,
547 2518 744 2569 Aristoph.
759 2518 890 2556 Nubb.
906 2519 995 2564 858,
1008 2519 1141 2557 Suidas
1156 2533 1184 2557 s.

164 2590 200 2613 v.
212 2575 324 2627 Δέον),
333 2575 550 2614 Clitodemo
561 2585 686 2614 autem
700 2576 849 2614 disertis
860 2576 983 2614 verbis
995 2578 1186 2615 Atthidem

167 2635 284 2673 tribui
298 2636 356 2686 (fr.
376 2650 388 2672 1
398 2635 452 2685 6),
465 2648 550 2685 quae
561 2635 650 2672 alias
659 2636 828 2673 Clidemo
840 2636 1070 2674 adscribitur
1079 2638 1140 2687 (fr.
1152 2651 1187 2685 2,

168 2695 222 2744 7);
245 2695 430 2732 observes
444 2695 558 2732 etiam
578 2695 834 2732 Clitodemum
851 2708 872 2732 a
890 2695 1076 2732 Pausania
1095 2698 1188 2734 anti-

167 2754 392 2803 quissimum
404 2765 537 2790 eorum
551 2753 626 2791 dici
641 2754 707 2804 qui
718 2754 895 2791 Atthides
906 2755 1142 2805 scripserint,
1151 2764 1188 2793 et

167 2811 383 2848 Clidemum
404 2811 508 2861 apud
525 2811 768 2848 Plutarchum
785 2811 855 2861 (De
871 2813 965 2862 glor.
984 2813 1072 2849 Ath.
1093 2821 1118 2850 t.
1138 2817 1188 2859 11,

169 2882 204 2918 p.
225 2870 320 2921 345)
345 2870 511 2920 primum
531 2871 658 2907 locum
677 2870 777 2907 inter
797 2883 862 2907 eos
879 2870 1055 2907 obtinere
1071 2871 1189 2908 histo—

169 2927 287 2974 ricos,
311 2930 378 2978 qui
401 2929 515 2967 rebus
540 2929 714 2980 gerendis
741 2942 818 2966 non
841 2928 914 2978 ipsi
932 2928 1187 2966 interfuerint.

169 2985 292 3022 Verba
317 2986 397 3036 ejus
417 2988 496 3025 haec
517 2996 605 3025 sunt
623 3001 631 3024 :
653 2987 816 3039 Ξενοφῶν
835 2985 897 3037 μὲν
917 2985 983 3038 γὰρ
1001 2985 1098 3029 αὐτὸς
1113 2989 1186 3024 ἑαυ-

167 3047 226 3081 τοῦ
248 3043 367 3094 γέγονε
387 3046 540 3100 ἱστορία,
623 3048 653 3084 οἵ
672 3045 709 3084 δὲ
727 3046 826 3084 ἄλλοι
850 3045 1066 3095 Κλείδημοι,
1085 3045 1190 3084 Δίυλ-

167 3100 241 3149 λοι,
266 3102 481 3156 Φιλόχορος,
506 3103 696 3159 Φύλαρχος
714 3103 904 3156 ἀλλοτρίων
929 3102 1110 3155 γεγόνασιν
1130 3103 1189 3156 ἔρ-

167 3174 237 3209 γων
275 3158 392 3213 ὥσπερ
432 3162 618 3213 δραμάτων
658 3162 859 3217 ὑποκριταί,
892 3172 964 3200 etc.
993 3184 1045 3191 --
1080 3166 1190 3200 Non-

169 3231 364 3274 nunquam
382 3220 519 3269 legitur
534 3223 651 3271 Δῆμος
670 3236 741 3272 pro
765 3222 965 3272 Κλείδημος
984 3222 1065 3260 sive
1085 3223 1192 3261 Κλει-

168 3275 333 3333 τόδημος,
354 3285 395 3313 ut
414 3278 452 3314 iu
473 3278 605 3329 fragm.
634 3294 664 3326 1,
683 3295 719 3329 9,
736 3282 798 3328 23,
814 3280 881 3318 ubi
901 3279 959 3318 καὶ
980 3289 1016 3318 et
1036 3279 1094 3318 καὶ
1114 3282 1132 3318 ὃ
1145 3293 1191 3317 ex

169 3335 279 3372 Κλει-
300 3343 337 3371 et
362 3336 507 3373 Κλειτο-
539 3346 622 3374 orta
652 3352 731 3375 esse
761 3347 934 3389 apparet.
968 3339 1079 3390 Apud
1105 3342 1191 3377 Ste-

1246 2054 1430 2092 tuendum
1450 2067 1531 2093 esse
1549 2056 1670 2106 Σῆμος
1690 2057 1708 2093 6
1723 2053 1851 2101 Δήλιος
1870 2053 2065 2092 evincitur
2078 2066 2127 2091 ex
2144 2056 2269 2103 Etym.

1245 2115 1294 2150 M.
1309 2127 1344 2152 v.
1362 2113 1520 2156 Βίὸλινος
1538 2107 1627 2157 οἶνος
1639 2143 1649 2162 ,
1668 2113 1737 2150 ubi
1754 2113 1886 2151 eadem
1904 2113 1952 2150 de
1966 2126 2007 2150 re
2024 2112 2135 2164 Σίμος
2150 2113 2270 2151 addu—

1246 2172 1346 2209 citur
1363 2173 1397 2210 ἐν
1414 2174 1457 2224 τῇ
1479 2171 1561 2224 ἕκτῃ
1582 2171 1727 2214 Ἰλιάδος
1740 2201 1749 2218 ,
1770 2171 1837 2209 ubi
1856 2173 1952 2222 quin
1981 2171 2143 2210 Siebelis
2169 2179 2271 2210 recte

1246 2231 1444 2281 scripserit
1471 2232 1591 2282 Σῆμος
1607 2231 1641 2268 ἐν
1662 2234 1704 2282 τῇ
1731 2229 1814 2282 ἕκτῃ
1837 2229 2032 2276 Δηλιάδος,
2057 2243 2136 2267 non
2160 2229 2272 2268 dubi-

1247 2289 1363 2335 tabis,
1387 2291 1418 2328 si
1437 2291 1645 2328 contuleris
1663 2293 1889 2341 Harpocrat.
1915 2302 1950 2327 v.
1967 2287 2123 2335 Ἑκάτης
2143 2291 2246 2335 νῆσος
2259 2310 2270 2331 ‚

1246 2349 1386 2387 Athen.
1407 2353 1474 2396 IV,
1492 2361 1555 2394 22,
1576 2363 1615 2400 p.
1639 2351 1732 2396 1733
1752 2351 1868 2397 VIII,
1890 2362 1923 2396 1,
1944 2362 1984 2400 p.
2002 2349 2090 2394 3313
2107 2350 2215 2394 XIV,
2232 2361 2272 2396 9,

1249 2421 1284 2457 p.
1303 2409 1391 2454 6373
1417 2410 1505 2455 XV,
1527 2409 1571 2456 6,
1592 2420 1631 2459 p.
1653 2409 1752 2455 676;
1778 2415 1895 2457 atque
1914 2407 2019 2444 nullo
2037 2405 2155 2443 modo
2172 2417 2271 2456 pro-

1247 2465 1375 2503 babile
1410 2475 1466 2504 est
1485 2495 1495 2514 ,
1530 2466 1604 2504 ista
1644 2467 1854 2516 fragmenta
1892 2469 2017 2503 Demo
2052 2464 2270 2516 MagnesiO,

1249 2525 1478 2574 polyhistori
1497 2553 1507 2571 ,
1541 2524 1648 2575 cujus
1679 2523 1922 2575 πραγματείαν
1956 2522 2037 2577 περὶ
2074 2522 2269 2574 ὁμωνύμων

1247 2583 1456 2633 Dionysius
1481 2585 1602 2623 Halic.
1629 2585 1670 2621 in
1690 2583 1887 2621 Dinarcho
1906 2596 1945 2634 p.
1966 2595 2039 2620 112
2059 2590 2270 2630 memorat,

1248 2636 1450 2674 tribuenda
1470 2650 1564 2675 esse.

1300 2697 1352 2731 Ut
1373 2694 1453 2745 jam
1476 2695 1674 2733 videamus
1690 2724 1700 2741 ‚
1726 2708 1804 2746 quo
1832 2703 2005 2745 tempore
2025 2693 2166 2732 vixerit
2195 2694 2270 2733 Cli-

1248 2752 1383 2790 demus
1398 2782 1407 2799 ,
1457 2767 1503 2790 cx
1546 2755 1742 2792 Pausaniae
1777 2755 1865 2792 loco
1901 2754 1924 2790 l.
1961 2753 2024 2804 (fr.
2060 2753 2147 2803 15),
2192 2766 2271 2804 quo

1248 2811 1450 2849 Atthidum
1477 2813 1707 2863 scriptorum
1727 2813 2010 2851 vetustissimus
2027 2811 2180 2860 dicitur,
2197 2825 2271 2862 pa—

1250 2878 1322 2916 tet,
1359 2884 1446 2907 eum
1481 2871 1736 2922 expeditionis
1749 2900 1759 2918 ,
1794 2885 1909 2922 quam
1945 2871 2197 2909 Athenienses
2228 2871 2269 2909 in

1249 2929 1417 2966 Siciliam
1438 2930 1633 2976 fecerunt,
1660 2931 1807 2968 exitum
1833 2930 1991 2976 vidisse3
2015 2938 2054 2967 et
2074 2943 2123 2967 ex
2141 2929 2269 2968 Photii

1249 2988 1334 3024 loco
1359 2988 1405 3025 de
1429 2989 1640 3026 naucrariis
1671 2990 1732 3040 (fr.
1756 2990 1793 3040 8)
1819 2989 2066 3039 intelligitur,
2089 3002 2176 3026 eum
2196 2988 2270 3026 ad·-

1250 3047 1324 3083 huc
1357 3045 1551 3094 floruisse,
1581 3061 1700 3097 quum
1725 3049 1942 3097 symmoriae
1972 3047 2182 3086 Nausinico
2206 3060 2269 3085 ar·

1249 3106 1387 3143 chonte
1408 3106 1483 3157 (Ol.
1510 3120 1600 3153 100,
1623 3107 1659 3156 3)
1682 3106 1868 3144 institutae
1885 3115 2024 3145 essent.

1302 3163 1513 3201 Clidemum
1535 3164 1648 3201 fnisse
1668 3165 1940 3203 Atheniensem
1956 3164 2046 3202 ideo
2061 3160 2269 3201 verisimile

1250 3231 1329 3270 est,
1346 3222 1452 3272 quod
1469 3223 1694 3260 Plutarchus
1711 3222 1784 3273 (De
1803 3224 1897 3273 glor.
1916 3223 2000 3260 Ath.
2014 3223 2039 3260 l.
2056 3221 2098 3273 l.)
2115 3222 2268 3260 nonnisi

1251 3280 1803 3319 dehistoricisAtheniensibus
1819 3282 1923 3331 loqui
1939 3281 2100 3328 videtur,
2113 3289 2151 3318 et
2164 3279 2267 3330 quod

1251 3339 1506 3389 Harpocratio
1525 3339 1736 3377 Clidemum
1755 3339 1932 3388 adducit,
1950 3340 2018 3378 ubi
2034 3352 2169 3377 vocem
2183 3337 2267 3382 πνύξ

170 3393 338 3443 phanum
357 3407 448 3431 vero
464 3409 499 3432 v.
518 3394 662 3442 Βιὸλίνη
685 3410 754 3446 pro
774 3399 892 3443 Δῆαος
909 3400 926 3435 6
942 3397 1067 3444 Δήλιος
1084 3399 1192 3435 resti-
1250 3398 1352 3449 apud
1367 3399 1517 3436 Atticos
1534 3411 1633 3449 saepe
1654 3412 1855 3437 occurrere
1875 3399 1967 3437 dicit
1988 3399 2046 3450 (fr.
2060 3398 2133 3449 18).
