2320 3684
673 145 1001 188 APOLLODORI
1031 141 1388 186 BIBLIOTHECAE
1415 146 1448 195 Ι,
1465 151 1502 184 9.

29 243 281 299 Ἀργοναυτῶν,
295 239 348 279 ὅτι
360 270 370 288 ,
390 237 541 281 πεισθεὶς
558 239 736 289 μητρυιᾷ,
760 232 839 276 τοὺς
858 231 963 276 ἰδίους
977 231 1059 270 ἐτύ-

29 305 148 357 φλωσε
168 301 305 343 παῖδας.
341 297 442 341 Τινὲς
477 295 514 334 δὲ
543 293 611 333 ὑπὸ
642 293 880 339 Ποσειδῶνος,
909 289 963 328 ὅτι
991 296 1062 333 τοῖς

31 360 166 414 Φρίξου
185 358 286 398 παισὶ
308 356 367 396 τὸν
389 357 429 394 ἐκ
454 353 604 406 Κόλχων
624 353 671 395 εἷς
688 349 752 398 τὴν
773 348 932 389 Ἑλλάδα
950 350 1061 387 πλοῦν

31 419 234 471 ἐμήνυσεν.3
254 415 445 467 Ἔπεμψαν
460 411 496 450 δὲ
508 412 604 464 αὐτῷ
616 408 745 453 καὶτὰς
759 407 925 462 Ἁρπυίας
935 409 966 445 οἱ
980 407 1061 446 θεοί.

31 476 219 531 Πτερωταὶ
244 473 280 514 δὲ
298 469 388 522 ἦσαν
407 466 530 520 αῧται,
547 470 622 518 καὶ,
643 466 782 507 ἐπειδὰν
800 469 851 520 τῷ
869 466 974 505 Φινεῖ
992 481 1064 504 πα-

33 535 185 590 ρετίθετο
209 533 383 589 τράπεζα,
404 529 440 575 ἐξ
459 531 606 584 οὐρανοῦ
630 525 917 579 καθιπτάμεναι,
935 523 980 564 τὰ
1000 522 1064 576 μὲν

31 593 176 632 πλείονα
193 591 405 645 ἀνήρπαζον,
423 587 525 639 ὀλίγα
543 585 579 625 δὲ
599 585 665 625 ὅσα
685 587 799 637 ὀσμῆς
822 584 983 623 ἀνάπλεα
1001 599 1067 622 κα-

32 651 206 700 τέλειπον,
216 648 307 688 ὥστε
319 647 368 701 μὴ
387 647 555 686 δύνασθαι
569 644 881 701 προσενέγκασθαι.
893 644 910 670 ¹²
930 643 1067 683 Βουλο-

35 710 152 763 μένοις
165 707 202 748 δὲ
217 713 288 752 τοῖς
305 704 549 761 Ἀργοναύταις
566 705 611 743 τὰ
628 704 708 759 περὶ
732 707 794 742 τοῦ
819 704 910 741 πλοῦ
931 704 1067 754 μαθεῖν,

34 767 270 815 ὑποθήσεσθαι
290 765 349 805 τὸν
370 766 480 804 πλοῦν
497 763 584 818 ἔφη,
603 765 672 802 τῶν
690 761 867 817 Ἁρπυιῶν
886 760 989 800 αὐτὸν
1008 759 1067 799 ἐὰν

35 825 299 871 ἀπαλλάξωσιν.
320 826 368 864 Οἱ
387 823 423 863 δὲ
439 822 637 877 παρέθεσαν
658 823 755 876 αὐτῷ
786 820 964 875 τράπεζαν
990 820 1068 858 ἐδε-

35 885 194 938 σμάτων,
210 883 378 937 Ἅρπυιαι
404 881 441 921 δὲ
468 881 630 936 ἐξαίφνης
654 880 716 920 σῦν
748 883 811 933 βοῇ
843 885 1071 918 καταπτᾶσαι

34 945 98 993 τὴν
106 942 238 999 τροφὴν
251 942 440 997 ἥρπαζον.5
460 939 731 993 Θεασάμενοιδὲ
739 942 771 978 οἱ
790 938 920 994 Βορέου
936 938 1071 987 παῖδες,

37 1004 154 1052 Ζήτης
174 1002 234 1042 καὶ
263 1001 417 1049 Κάλαϊς,
442 1000 538 1044 ὄντες
568 999 760 1054 πτερωτοὶ,
781 997 1004 1050 σπασάμενοι
1027 995 1073 1035 τὰ

37 1062 131 1117 ξίφη,
142 1061 186 1100 δι’
203 1059 304 1115 ἀέρος
317 1059 474 1098 ἐδίωκον.
495 1061 511 1086 ⁶
530 1052 601 1098 ’Ἦν
620 1058 656 1097 δὲ
673 1063 750 1102 ταῖς
766 1057 942 1111 Ἁρπυίαις
959 1055 1072 1110 χρεὼν

37 1119 200 1160 τεθνάναι
233 1118 301 1157 ὑπὸ
331 1120 401 1157 τῶν
439 1116 569 1172 Βορέου
606 1116 761 1156 παίδων·
789 1121 862 1159 τοῖς
881 1115 918 1154 δὲ
942 1112 1074 1168 Βορέου

39 1179 162 1229 παισὶ,
178 1176 257 1217 τότε
275 1176 510 1225 τελευτήσειν,
529 1175 587 1215 ὅτε
605 1175 646 1215 ἂν
675 1175 858 1219 διώκοντες
883 1173 933 1227 μὴ
959 1189 1076 1212 κατα-

39 1238 192 1278 λάόωσι.
211 1238 227 1264 7
247 1235 484 1288 Διωκομένων
511 1234 548 1273 δὲ
563 1237 634 1274 τῶν
653 1234 840 1289 Ἁρπυιῶν,
860 1237 883 1280 ἡ
904 1232 967 1285 μὲν
985 1231 1078 1271 κατὰ

41 1294 313 1343 Πελοπόννησον
344 1297 391 1338 εἷς
409 1294 468 1333 τὸν
488 1294 624 1347 Τίγρην
649 1292 809 1344 ποταμὸν
836 1292 1024 1344 ἐμπίπτει,
1043 1290 1079 1335 ὃς

41 1360 101 1395 νῦν
120 1355 181 1395 ἀπ’
199 1354 333 1402 ἐκείνης
355 1353 489 1408 Ἅρπυς
512 1355 684 1392 καλεῖται.
719 1351 864 1400 Ταύτην
893 1351 930 1390 δὲ
965 1352 998 1389 οἳ
1015 1348 1077 1401 μὲν

42 1413 231 1463 Νικοθόην,
263 1416 294 1452 οἱ
321 1411 357 1452 δὲ
384 1410 591 1452 Ἀελλόπουν
612 1413 791 1450 καλοῦσιν.
809 1410 855 1449 Ἡ
885 1409 921 1449 δὲ
951 1408 1079 1463 ἑτέρα,

42 1471 245 1525 καλουμένη
264 1471 445 1519 Ὠκυπέτη
456 1502 467 1520 ,
483 1474 531 1514 ὡς
550 1471 586 1510 δὲ
599 1470 701 1520 ἔνιοι,
718 1468 875 1516 Ὠκυθόη
890 1500 899 1518 ,
918 1468 1081 1512 Ἡσίοδος

15 1554 17 1556 ·
44 1531 81 1571 δὲ
93 1531 190 1584 λέγει
208 1530 317 1578 αὐτὴν
329 1529 548 1579 Ὠκυπόδην,
563 1528 652 1577 αὕτη
669 1528 761 1567 κατὰ
776 1528 840 1576 τὴν
855 1526 1082 1582 Προποντίδα

45 1590 221 1646 φεύγουσα
233 1621 243 1639 ,
265 1589 389 1643 μέχρις
409 1587 609 1641 Ἐχινάδων
630 1582 714 1635 ἦλθε
729 1586 862 1636 νήσων,
883 1586 920 1624 αἳ
939 1590 999 1625 νῦν
1021 1584 1082 1624 ἀπ’

44 1650 177 1696 ἐκείνης
189 1648 389 1703 Στροφάδες
407 1649 617 1686 καλοῦνται·
636 1645 794 1699 ἐστράφη
809 1644 897 1699 γὰρ,
912 1647 960 1689 ὡς
977 1639 1082 1693 ’ἦλθεν

45 1708 103 1748 ἐπὶ
121 1706 272 1756 ταύτας,
289 1706 350 1745 καὶ
366 1704 537 1758 γενομένη
561 1704 654 1743 κατὰ
672 1703 736 1751 τὴν
756 1703 859 1751 ἠϊόνα
878 1703 946 1742 ὑπὸ
960 1704 1084 1756 καμά-

44 1782 106 1806 του
131 1765 253 1805 πίπτει
272 1765 334 1804 σὺν
356 1767 407 1818 τῷ
427 1764 599 1803 διώκοντι.
615 1765 632 1790 8
651 1762 883 1807 Ἀπολλώνιος
898 1761 935 1802 δὲ
959 1764 994 1801 ἐν
1014 1768 1086 1807 τοῖς

46 1825 293 1880 Ἀργοναύταις
312 1823 376 1868 ἕως
391 1823 606 1878 Στροφάδων
624 1822 741 1870 νήσων
762 1822 867 1877 φησὶν
883 1821 989 1866 αὐτὰς
1009 1823 1087 1861 διω-

47 1890 194 1940 χθῆναι,
212 1885 272 1925 καὶ
305 1883 413 1937 μηδὲν
431 1888 567 1934 παθεῖν,
593 1883 720 1928 δούσας
747 1884 865 1939 ὅρκον,
888 1883 947 1923 τὸν
969 1883 1085 1923 Φινέα

49 1945 177 1999 μηκέτι
197 1946 374 1992 ἀδικῆσαι.

99 2005 184 2058 (22)
198 2004 428 2056 Ἀπαλλαγεὶς
442 2003 479 2043 δὲ
496 2007 565 2043 τῶν
579 2003 752 2058 Ἁρπυιῶν
772 2002 915 2053 Φινεὺς,
932 2002 1086 2054 ἐμήνυσε

46 2063 105 2103 τὸν
118 2065 227 2103 πλοῦν
244 2069 316 2108 τοῖς
332 2062 601 2117 Ἀργοναύταις,
627 2062 687 2102 καὶ
714 2062 794 2118 περὶ
813 2065 884 2101 τῶν
905 2064 1087 2114 Συμπλη-

36 2123 163 2176 -γάδων
178 2122 323 2162 ὑπέθετο
338 2125 474 2176 πετρῶν
492 2125 561 2161 τῶν
578 2121 670 2161 κατὰ
688 2122 900 2161 θάλασσαν.2
913 2115 1031 2161 ῗΗσαν
1051 2119 1101 2160 δὲ-

17 2179 21 2182 ’
49 2181 292 2236 ὑπερμεγέθεις
314 2176 436 2220 αὗται·
464 2180 743 2236 συγκρουόμεναι
766 2180 803 2219 δὲ
831 2181 1002 2228 ἀλλήλαις
1019 2181 1087 2220 ὑπὸ

48 2245 111 2290 τῆς
137 2244 207 2280 τῶν
230 2240 444 2293 πνευμάτων
483 2241 579 2294 βίας,
602 2240 662 2279 τὸν
684 2239 741 2279 διὰ
770 2241 950 2288 θαλάσσης
979 2241 1086 2295 πόρον

50 2299 246 2340 ἀπέκλειον.
263 2298 432 2354 Ἐφέρετο
452 2298 488 2337 δὲ
505 2298 620 2347 πολλὴ
641 2298 703 2351 μὲν
729 2299 788 2337 ὑπ’
809 2301 922 2338 αὐτῶν
940 2299 1087 2352 ὁμίχλη,

40 2359 156 2403 πολὺς
178 2357 214 2397 δὲ
240 2358 397 2410 πάταγος
413 2374 422 2383 ·
442 2352 485 2406 ἦν
505 2358 541 2397 δὲ
562 2357 732 2397 ἀδύνατον
756 2358 816 2397 καὶ
835 2365 907 2403 τοῖς
919 2365 1088 2403 πετεινοῖς

0 2470 4 2472 -
51 2418 95 2457 δι’
105 2420 219 2458 αὐτῶν
239 2419 360 2456 ἐλθεῖν.
381 2418 397 2443 3
413 2411 525 2457 Εἶπεν
549 2412 607 2456 οὖν
627 2418 742 2461 αὐτοῖς
759 2420 897 2472 ἀφεῖναι
920 2417 1088 2456 πελειάδα

52 2476 110 2516 διὰ
126 2479 195 2516 τῶν
215 2479 366 2531 πετρῶν,
388 2476 448 2515 καὶ
468 2475 601 2525 ταύτην
620 2476 680 2515 ἐὰν
701 2474 763 2529 μὲν
783 2478 885 2515 ἴδωσι
902 2479 1087 2526 σωθεῖσαν,

53 2536 210 2575 διαπλεῖν
245 2539 566 2591 καταφρονοῦντας·
602 2534 662 2574 ἐὰν
705 2535 742 2574 δὲ
778 2535 1016 2588 ἀπολομένην,
1038 2536 1087 2588 μὴ

52 2597 151 2635 πλεῖν
170 2595 360 2648 βιάζεσθαι.
377 2596 531 2635 4Ταῦτα
560 2594 731 2647 ἀνήγοντο
750 2594 980 2644 ἀκούσαντες,
1006 2596 1088 2645 καὶ,

53 2656 100 2698 ὣς
116 2654 265 2702 πλησίον
282 2648 373 2702 ἦσαν
393 2657 463 2693 τῶν
483 2656 634 2708 πετρῶν,
649 2657 791 2708 ἀφιᾶσιν
812 2656 852 2693 ἐκ
865 2657 929 2702 τῆς
945 2653 1091 2710 πρῴρας

54 2713 239 2752 πελειάδα·
260 2716 320 2760 τῆς
341 2711 377 2751 δὲ
411 2712 630 2765 ἱπταμένης,
656 2712 702 2752 τὰ
734 2712 826 2767 ἄκρα
852 2717 916 2761 τῆς
938 2715 1041 2768 οὐρᾶς
1066 2717 1088 2761 ἡ

56 2770 258 2823 σύμπτωσις
274 2775 342 2811 τῶν
359 2774 496 2827 πετρῶν
509 2771 725 2827 ἀπεθέρισεν.
736 2772 1022 2827 5Ἀναχωρούσας
1031 2768 1089 2812 οῧν

57 2830 331 2886 ἐπιτηρήσαντες
361 2831 422 2875 τὰς
449 2830 598 2885 πέτρας,
632 2832 710 2883 μετ’
744 2831 893 2885 εἰρεσίας
931 2831 1089 2882 ἐντόνου,

58 2890 321 2942 συλλαὸομένης
336 2890 387 2929 Ἥ
392 2906 464 2945 ρας,
476 2891 630 2939 διῆλθον,
645 2890 690 2929 τὰ
709 2890 800 2945 ἄκρα
816 2894 885 2930 τῶν
901 2891 1090 2945 ἀφλάστων

57 2950 118 2996 τῆς
132 2950 211 2998 νηὸς
226 2950 484 3005 περικοπείσης.
505 2952 550 2989 Αἱ
566 2949 630 3002 μὲν
645 2944 704 2989 οὖν
722 2951 983 3002 Συμπληγάδες
994 2950 1092 2990 ἔκτο-

58 3018 96 3048 τε
123 3008 274 3058 ἔστησαν
290 3027 298 3035 ·
328 3009 441 3064 χρεὼν
462 3009 529 3064 γὰρ
549 3005 590 3058 ἦν
611 3013 750 3061 αὐταῖς,
782 3011 862 3059 νηὸς
882 3011 1091 3066 περαιωθεί-

59 3082 139 3118 σης,
154 3072 280 3117 στῆναι
298 3071 490 3113 παντελῶς.

112 3127 194 3181 (23)
205 3131 252 3168 Οἱ
265 3126 301 3166 δὲ
312 3128 539 3182 Ἀργοναῦται
557 3129 643 3183 πρὸς
660 3129 926 3184 Μαριανδυνοὺς
945 3129 1093 3183 παρεγέ-

59 3199 174 3224 νοντο·
205 3188 307 3225 κάκεῖ
338 3186 553 3241 φιλοφρόνως
573 3191 592 3227 ὁ
613 3188 774 3241 βασιλεὺς
800 3188 989 3233 ὑπεδέξατο
1015 3187 1093 3227 Λύ-

60 3257 130 3287 κος·
146 3243 259 3284 Ἔνθα
275 3245 416 3293 θνήσκει
441 3246 504 3297 μὲν
526 3245 660 3298 Ἴδμων
683 3251 702 3286 ὃ
726 3248 870 3299 μάντις,
898 3247 1092 3293 πλήξαντος

2078 150 2147 185 121

1113 246 1186 276 ctus
1208 244 1290 277 filios
1306 253 1384 278 suos
1401 244 1570 278 oculorum
1582 244 1655 277 luce
1667 243 1837 285 privasset.
1848 245 1914 277 Nec
1925 245 2045 278 desunt
2062 246 2118 287 qui
2134 256 2153 279 a

1114 304 1264 343 Neptuno
1276 303 1308 335 id
1325 303 1448 336 sactum
1463 303 1584 345 dicant,
1601 305 1770 345 propterea
1798 302 1888 345 quod
1902 302 2015 335 Phrixi
2042 303 2116 337 filiis
2133 314 2153 336 a

1115 361 1245 394 Colchis
1259 362 1294 394 in
1308 362 1468 395 Graeciam
1486 362 1723 404 navigationem
1737 362 1923 395 indicasset.
1944 366 1958 385 ὃ
1970 363 2021 395 Ad
2036 363 2106 395 haec
2124 363 2154 396 ei

1116 421 1276 461 Harpyias
1289 420 1334 452 dii
1342 421 1512 462 miserunt,
1530 431 1604 463 quae
1619 421 1678 454 alis
1690 421 1869 463 instructae,
1886 421 1942 454 ubi
1958 430 2070 454 mensa
2083 422 2154 454 Phi-

1117 487 1179 511 neo
1193 478 1426 520 apponebatur,
1438 488 1458 512 a
1471 481 1552 513 coelo
1565 480 1778 514 devolitantes
1793 481 1949 522 majorem
1959 481 2154 513 serculorum

1118 538 1242 577 partem
1258 536 1470 578 abripiebant,
1491 541 1524 572 et
1538 548 1642 581 pauca
1657 540 1713 572 illa
1733 549 1808 582 quae
1829 540 2070 581 relinquebant,
2089 541 2155 573 tam

1119 594 1209 635 gravi
1221 594 1406 628 inficiebant
1416 596 1527 637 odore,
1538 599 1573 630 ut
1588 599 1757 632 comedere
1768 608 1806 632 ea
1820 608 1887 632 non
1900 601 2022 642 posset.
2043 602 2157 640 ⁴Argo-

1120 654 1233 686 nautis
1254 654 1351 695 igitur
1369 664 1444 696 quae
1463 656 1504 688 ad
1526 658 1763 699 navigationem
1786 668 1879 693 suam
1899 659 2086 700 spectarent
2111 658 2156 690 di-

1121 713 1231 745 scendi
1247 713 1374 755 cupidis
1388 713 1473 746 dixit
1487 715 1556 747 haec
1572 724 1607 748 se
1616 718 1884 757 praemonitumm
1894 741 1903 757 ,
1917 718 1944 750 si
1957 717 1998 749 ab
2008 715 2160 758 Harpyiis

1122 779 1157 804 se
1188 770 1371 804 liberarent.
1396 773 1480 804 Tum
1503 773 1537 804 hi
1561 774 1683 807 Phineo
1705 784 1850 808 mensam
1872 777 2093 818 apposuerunt
2127 777 2161 808 et

1123 829 1235 871 cibos;
1252 839 1319 871 quo
1341 830 1427 862 facto
1441 833 1571 872 repente
1583 833 1736 874 Harpyiae
1752 843 1827 866 cum
1844 834 1993 875 clangore
2008 833 2159 866 devolan-

1123 890 1173 923 tes
1189 889 1354 922 esculenta
1366 889 1534 932 diripiunt.
1550 891 1603 923 “Id
1621 891 1678 923 ubi
1693 892 1845 937 viderunt
1859 894 1970 925 Boreae
1985 891 2053 933 filii,
2071 893 2164 924 Zetes

1125 951 1158 981 et
1169 948 1278 982 Calais
1288 972 1297 989 ,
1308 949 1397 990 alati,
1410 950 1543 983 nudatis
1558 951 1691 984 ensibus
1699 951 1769 983 illas
1783 961 1839 992 per
1855 960 1961 984 aerem
1970 959 2164 992 persequun-

1126 1013 1190 1042 tur.
1206 1009 1302 1042 ⁶Erat
1313 1018 1391 1042 vero
1399 1008 1502 1041 satum
1516 1009 1668 1050 Harpyiis
1679 1010 1815 1042 aBoreae
1830 1009 1903 1041 filiis
1917 1009 2032 1051 perire,
2046 1008 2165 1050 quibus

1126 1069 1219 1111 ipsis,
1243 1069 1452 1101 moriendum
1476 1069 1545 1101 erat
1564 1068 1591 1100 si
1610 1077 1693 1109 quas
1722 1068 1958 1100 insectarentur
1979 1077 2045 1100 non
2074 1076 2165 1108 cape-

1128 1130 1212 1161 rent.
1229 1131 1242 1151 ⁷
1259 1130 1370 1167 Quum
1399 1127 1509 1168 itaque
1536 1126 1600 1159 illae
1616 1129 1802 1168 agerentur,
1818 1126 1917 1159 altera
1938 1126 1983 1167 (in
2012 1123 2166 1167 Pelopon-

1130 1197 1209 1221 neso
1216 1188 1242 1229 Ρ)
1258 1187 1291 1219 in
1307 1187 1424 1228 Tigren
1439 1186 1578 1218 fluvium
1594 1186 1728 1225 decidit,
1742 1185 1797 1226 qui
1813 1183 1901 1217 nu'nc
1915 1185 1956 1217 ab
1972 1194 2009 1217 ea
2021 1186 2165 1216 nomina·

1131 1249 1185 1278 tur
1197 1248 1337 1287 Harpys.
1355 1247 1447 1278 Hanc
1472 1245 1527 1277 alii
1555 1244 1746 1284 Nicothoen‚
1773 1243 1828 1275 alii
1856 1243 2026 1283 Aellopum
2042 1242 2165 1274 dieunt.

1132 1305 1253 1345 Altera,
1271 1306 1424 1346 Ocypete,
1439 1303 1504 1344 vel,
1521 1306 1558 1335 ut
1572 1302 1719 1335 nonnulli
1735 1302 1864 1342 volunt,
1881 1301 2039 1343 Ocythoe,
2055 1301 2105 1333 vel
2122 1310 2168 1333 se-

1133 1364 1279 1397 cundum
1297 1363 1478 1396 Hesiodum
1491 1362 1656 1404 Ocypode,
1674 1371 1731 1403 per
1743 1361 1974 1403 Propontidem
1989 1361 2113 1401 fugiens
2129 1360 2168 1391 ad

1134 1424 1318 1457 Echinadas
1335 1423 1472 1465 (Plotas
1482 1423 1514 1464 2³)
1533 1423 1656 1455 insulas
1672 1431 1777 1463 usque
1793 1421 1937 1463 pervasit
1951 1445 1960 1461 ,
1986 1429 2060 1461 quae
2082 1428 2170 1451 nunc

1135 1483 1176 1516 ab
1192 1483 1246 1516 illa
1261 1482 1459 1524 Strophades
1472 1481 1686 1523 appellantur.
1705 1483 1785 1513 Nam
1803 1489 1906 1521 quum
1925 1480 1967 1512 ad
1984 1488 2039 1512 eas
2061 1487 2171 1520 perve-

1135 1542 1257 1582 nisset,
1288 1541 1448 1574 convertit
1473 1550 1508 1573 se
1529 1541 1615 1581 (quae
1635 1542 1686 1572 est
1711 1540 1842 1582 στροφή)
1862 1540 1895 1571 et
1912 1539 2021 1571 volatu
2045 1538 2172 1570 defessa

1137 1601 1234 1635 simul
1249 1610 1324 1633 cum
1338 1603 1552 1642 persequente
1566 1600 1601 1631 in
1616 1600 1707 1632 littus
1721 1608 1755 1631 se
1771 1598 1913 1631 demisit.
1926 1600 2065 1630 ¹¹Verum
2079 1598 2172 1640 Apol-

1136 1660 1287 1693 loniusin
1297 1658 1521 1700 Argonauticis
1530 1658 1651 1699 (2‚284)
1668 1666 1771 1698 usque
1783 1657 1824 1690 ad
1841 1656 2037 1698 Strophades
2050 1657 2174 1689 insulas

1139 1721 1258 1762 fugisse
1271 1718 1429 1760 Harpyias
1442 1718 1550 1759 refert,
1561 1725 1666 1758 neque
1681 1719 1789 1749 tamen
1814 1716 1891 1748 mali
1916 1716 2095 1757 quidquam
2106 1725 2174 1757 pas-

1139 1789 1203 1820 sas,
1221 1778 1310 1820 quod
1323 1777 1532 1819 jurejurando
1554 1775 1634 1808 nihil
1655 1776 1770 1817 postea
1791 1775 1984 1816 injuriarum
1999 1784 2035 1808 se
2051 1775 2174 1808 Phineo

1139 1838 1283 1870 illaturus
1304 1836 1545 1878 promisissent.

1183 2015 1247 2056 (22)
1264 2014 1436 2047 Liberatus
1452 2012 1549 2053 igitur
1562 2011 1713 2053 Harpyiis
1725 2010 1867 2043 Phineus
1880 2011 2073 2052 Argonautis
2090 2011 2177 2043 navi-

1140 2079 1302 2121 gationem
1326 2076 1532 2119 explanavit,
1555 2077 1587 2108 et
1620 2074 1662 2107 de
1698 2074 1949 2116 symplegadum
1988 2074 2176 2107 discrimine

1139 2153 1196 2177 eos
1222 2143 1404 2176 admonuit.
1419 2146 1434 2164 2
1451 2143 1510 2174 Hae
1535 2141 1680 2182 ingentes
1708 2142 1800 2172 erant
1828 2139 1860 2171 in
1877 2140 1958 2171 mari
1971 2142 2083 2180 petrae,
2103 2149 2177 2180 quae

1141 2211 1314 2242 ventorum
1332 2208 1458 2249 impetu
1471 2207 1556 2240 inter
1569 2215 1605 2239 se
1619 2205 1806 2238 collidentes
1826 2205 1926 2237 maris
1944 2206 2119 2238 transitum
2134 2205 2177 2236 in-

1142 2272 1375 2305 tercludebant.
1394 2270 1498 2303 Multa
1525 2270 1566 2303 ab
1595 2270 1636 2302 iis
1658 2270 1777 2302 nebula
1802 2278 2006 2310 magnusque
2023 2268 2177 2301 edebatur

1142 2337 1309 2379 strepitus;
1323 2345 1361 2369 ac
1374 2345 1414 2368 ne
1428 2334 1543 2368 avibus
1553 2334 1684 2375 quidem
1700 2342 1758 2375 per
1770 2342 1824 2366 eas
1841 2333 2040 2365 transvolare
2051 2332 2178 2363 licebat.

1142 2402 1265 2443 ⁵Igitur
1281 2401 1433 2442 praecepit
1445 2399 1640 2441 Argonautis
1655 2407 1712 2440 per
1731 2398 1856 2431 medias
1870 2401 1977 2439 petras
1994 2398 2121 2429 mittere
2128 2405 2178 2428 co-

1142 2465 1286 2498 lumbam
1301 2488 1310 2505 ,
1327 2473 1426 2506 quam
1452 2463 1479 2495 si
1495 2462 1692 2495 incolumem
1705 2462 1890 2504 pervolasse
1916 2461 2098 2500 vidissent,
2122 2469 2176 2492 eas

1144 2531 1290 2573 trajicere
1308 2538 1350 2562 ne
1363 2528 1572 2568 dubitarent3
1608 2527 1637 2560 si
1650 2536 1728 2559 vero
1747 2526 1919 2558 interiisset
1944 2524 2009 2563 illa,
2024 2524 2121 2565 Jussit
2136 2533 2177 2556 ne

1142 2598 1280 2631 transire
1292 2598 1497 2629 conarentur.
1517 2594 1591 2630 ⁴,His
1604 2594 1757 2634 acceptis,
1769 2593 1874 2625 soluta
1890 2600 1971 2623 nave
1987 2590 2176 2629 discedunt,

1142 2663 1248 2696 et-ubi
1263 2662 1411 2704 proxime
1425 2661 1466 2693 ad
1479 2660 1631 2701 scopulos
1645 2660 1810 2697 venerant,
1828 2657 1868 2689 de
1885 2665 1980 2697 prora
1992 2654 2177 2686 columbam

1144 2728 1326 2768 dimittunt,
1338 2727 1391 2759 cui
1406 2727 1439 2762 iu
1455 2727 1591 2768 traiectu
1609 2733 1769 2758 summam
1786 2722 1921 2754 caudam
1937 2730 2115 2752 concursus
2124 2729 2179 2762 pe-

1145 2795 1268 2826 trarum
1283 2792 1444 2825 abstersit.
1466 2791 1667 2823 ⁸Observato
1688 2789 1783 2829 igitur
1805 2785 2012 2826 scopulorum
2036 2794 2176 2825 recessu,

1144 2857 1301 2889 acerrima
1331 2854 1559 2895 remigantium
1589 2852 1806 2890 contentione,
1832 2852 1961 2882 Junone
1987 2848 2175 2890 opitulante,

1144 2924 1290 2955 extrema
1328 2921 1427 2953 modo
1462 2919 1580 2961 puppis
1616 2919 1706 2959 parte
1735 2915 1895 2956 mutilata,
1928 2915 2090 2956 trajecere.
2128 2916 2178 2948 Ab

1144 2997 1183 3020 eo
1201 2988 1277 3019 inde
1305 2989 1449 3026 tempore
1476 2982 1704 3024 Symplegades
1721 2982 1906 3013 steterunt:
1930 2979 1964 3012 in
1993 2979 2067 3012 fatis
2090 2980 2191 3012 eninr

1145 3054 1214 3085 erat
1230 3061 1296 3092 eas,
1311 3052 1339 3084 si
1352 3050 1446 3083 navis
1462 3049 1634 3090 traJ'ecerit,
1652 3048 1786 3081 omnino
1802 3049 1890 3080 stare
1903 3047 2098 3080 immobiles.

1188 3135 1253 3175 (23)
1298 3133 1421 3166 Deinde
1455 3133 1649 3173 Argonautae
1678 3129 1719 3162 ad
1752 3129 1983 3180 Mariandynos
2026 3138 2175 3171 pervene-

1146 3195 1233 3234 runt,
1254 3193 1307 3224 ubi
1324 3195 1432 3233 Lycus
1448 3200 1503 3223 rex
1528 3191 1668 3232 benigne
1689 3198 1744 3223 eos
1761 3189 1898 3231 excepit.
1916 3190 1978 3221 Hic
1991 3189 2105 3221 Idmon
2125 3197 2175 3220 va—

1146 3255 1196 3285 tes
1219 3253 1260 3284 ab
1283 3261 1361 3292 apro
1383 3260 1557 3292 percussus
1580 3250 1731 3282 decessit.
1754 3250 1892 3282 Moritur
1913 3249 2010 3281 etiam
2031 3248 2174 3289 Tiphys,

63 3300 165 3340 αὐτὸν
184 3303 320 3358 κάπρου
339 3320 346 3328 ·
371 3305 514 3352 θνήσκει
542 3305 578 3344 δὲ
599 3306 660 3344 καὶ
682 3308 812 3361 Τῖφυς,
838 3307 896 3344 καὶ
926 3305 989 3352 τὴν
1008 3309 1091 3343 ναῦν
1117 3312 1122 3345 Ι
1147 3314 1241 3352 ‹rujirs
1259 3312 1328 3343 loco
1345 3314 1482 3351 Ancaeus
1500 3319 1615 3342 navem
1634 3318 1668 3341 se
1685 3309 1940 3349 gubernaturum
1952 3307 2132 3349 pollicetur.

63 3358 221 3411 Ἀγκαῖος
238 3364 456 3414 ὑπισχνεῖται
479 3364 663 3418 κυὸερνᾷν.
