<?xml version="1.0" encoding="UTF-8"?>
<!DOCTYPE html PUBLIC "-//W3C//DTD XHTML 1.0 Transitional//EN"
    "http://www.w3.org/TR/xhtml1/DTD/xhtml1-transitional.dtd">
<html xmlns="http://www.w3.org/1999/xhtml" xml:lang="en" lang="en">
 <head>
  <title>
</title>
<meta http-equiv="Content-Type" content="text/html;charset=utf-8" />
  <meta name='ocr-system' content='tesseract 3.04.00' />
  <meta name='ocr-capabilities' content='ocr_page ocr_carea ocr_par ocr_line ocrx_word'/>
</head>
<body>
  <div class='ocr_page' id='page_1' title='image "./fragmentahistori01mueluoft_0249.png"; bbox 0 0 2320 3684; ppageno 0'>
   <div class='ocr_carea' id='block_1_1' title="bbox 659 140 1518 193">
    <p class='ocr_par' dir='ltr' id='par_1_1' title="bbox 659 140 1518 193">
     <span class='ocr_line' id='line_1_1' title="bbox 659 140 1518 193; baseline 0.001 -12"><span class='ocrx_word' id='word_1_1' title='bbox 659 140 990 181; x_wconf 85' lang='lat' dir='ltr'><strong>APOLLODORI</strong></span> <span class='ocrx_word' id='word_1_2' title='bbox 1019 141 1372 181; x_wconf 85' lang='lat' dir='ltr'><strong>BIBLIOTHECAE</strong></span> <span class='ocrx_word' id='word_1_3' title='bbox 1399 142 1452 193; x_wconf 89' lang='lat'><strong>11,</strong></span> <span class='ocrx_word' id='word_1_4' title='bbox 1483 149 1518 182; x_wconf 87' lang='grc'><strong>7.</strong></span> 
     </span>
    </p>
   </div>
   <div class='ocr_carea' id='block_1_2' title="bbox 13 224 1087 3405">
    <p class='ocr_par' dir='ltr' id='par_1_2' title="bbox 25 224 1068 635">
     <span class='ocr_line' id='line_1_2' title="bbox 55 224 1064 282; baseline -0.008 -11"><span class='ocrx_word' id='word_1_5' title='bbox 55 278 57 281; x_wconf 23' lang='lat'><strong>⁴</strong></span> <span class='ocrx_word' id='word_1_6' title='bbox 91 228 108 256; x_wconf 79' lang='lat'>³</span> <span class='ocrx_word' id='word_1_7' title='bbox 124 224 231 275; x_wconf 61' lang='grc' dir='ltr'>Αὖθις</span> <span class='ocrx_word' id='word_1_8' title='bbox 252 229 289 269; x_wconf 84' lang='grc' dir='ltr'><strong>δὲ</strong></span> <span class='ocrx_word' id='word_1_9' title='bbox 308 231 436 269; x_wconf 81' lang='grc' dir='ltr'>ἐκεῖθεν</span> <span class='ocrx_word' id='word_1_10' title='bbox 457 226 637 282; x_wconf 78' lang='grc' dir='ltr'>ὁρμηθεὶς,</span> <span class='ocrx_word' id='word_1_11' title='bbox 655 226 810 279; x_wconf 82' lang='grc' dir='ltr'>Αἰγιμίῳ</span> <span class='ocrx_word' id='word_1_12' title='bbox 831 227 967 277; x_wconf 90' lang='grc' dir='ltr'>βασιλεῖ</span> <span class='ocrx_word' id='word_1_13' title='bbox 983 228 1064 264; x_wconf 87' lang='grc' dir='ltr'><strong>Δω-</strong></span> 
     </span>
     <span class='ocr_line' id='line_1_3' title="bbox 38 283 1062 346; baseline -0.01 -16"><span class='ocrx_word' id='word_1_14' title='bbox 38 289 139 346; x_wconf 83' lang='grc' dir='ltr'>ριέων</span> <span class='ocrx_word' id='word_1_15' title='bbox 157 288 395 341; x_wconf 79' lang='grc' dir='ltr'>συνεμάχησε.</span> <span class='ocrx_word' id='word_1_16' title='bbox 419 285 574 326; x_wconf 83' lang='grc' dir='ltr'>Λαπίθαι</span> <span class='ocrx_word' id='word_1_17' title='bbox 597 284 664 340; x_wconf 79' lang='grc' dir='ltr'><strong>γὰρ</strong></span> <span class='ocrx_word' id='word_1_18' title='bbox 682 285 762 338; x_wconf 87' lang='grc' dir='ltr'>περὶ</span> <span class='ocrx_word' id='word_1_19' title='bbox 781 287 845 336; x_wconf 83' lang='grc' dir='ltr'><strong>γῆς</strong></span> <span class='ocrx_word' id='word_1_20' title='bbox 870 283 959 337; x_wconf 77' lang='grc' dir='ltr'>ὅρων</span> <span class='ocrx_word' id='word_1_21' title='bbox 977 285 1062 322; x_wconf 82' lang='grc' dir='ltr'>ἐπο-</span> 
     </span>
     <span class='ocr_line' id='line_1_4' title="bbox 36 340 1066 401; baseline -0.008 -13"><span class='ocrx_word' id='word_1_22' title='bbox 36 347 166 400; x_wconf 81' lang='grc' dir='ltr'>λέμουν</span> <span class='ocrx_word' id='word_1_23' title='bbox 191 349 305 401; x_wconf 80' lang='grc' dir='ltr'>αὐτῷ,</span> <span class='ocrx_word' id='word_1_24' title='bbox 340 344 506 400; x_wconf 83' lang='grc' dir='ltr'>Κορώνου</span> <span class='ocrx_word' id='word_1_25' title='bbox 541 347 829 398; x_wconf 55' lang='grc' dir='ltr'>στρατηγοῦντος.</span> <span class='ocrx_word' id='word_1_26' title='bbox 848 341 894 381; x_wconf 88' lang='grc' dir='ltr'>Ὁ</span> <span class='ocrx_word' id='word_1_27' title='bbox 918 340 955 380; x_wconf 80' lang='grc' dir='ltr'><strong>δὲ</strong></span> <span class='ocrx_word' id='word_1_28' title='bbox 970 372 980 389; x_wconf 94' lang='grc'>,</span> <span class='ocrx_word' id='word_1_29' title='bbox 1001 357 1066 380; x_wconf 89' lang='grc' dir='ltr'>πο-</span> 
     </span>
     <span class='ocr_line' id='line_1_5' title="bbox 27 399 1065 461; baseline -0.009 -14"><span class='ocrx_word' id='word_1_30' title='bbox 27 406 300 461; x_wconf 69' lang='grc' dir='ltr'>λιορκούμενος,</span> <span class='ocrx_word' id='word_1_31' title='bbox 320 401 558 443; x_wconf 84' lang='grc' dir='ltr'>ἐπεκαλέσατο</span> <span class='ocrx_word' id='word_1_32' title='bbox 577 401 635 440; x_wconf 85' lang='grc' dir='ltr'><strong>τὸν</strong></span> <span class='ocrx_word' id='word_1_33' title='bbox 660 400 840 456; x_wconf 81' lang='grc' dir='ltr'>Ἡρακλέα</span> <span class='ocrx_word' id='word_1_34' title='bbox 860 399 984 453; x_wconf 80' lang='grc' dir='ltr'>βοηθὸν</span> <span class='ocrx_word' id='word_1_35' title='bbox 1008 399 1065 438; x_wconf 71' lang='grc' dir='ltr'>ἐπὶ</span> 
     </span>
     <span class='ocr_line' id='line_1_6' title="bbox 40 456 1068 520; baseline -0.009 -15"><span class='ocrx_word' id='word_1_36' title='bbox 40 465 139 520; x_wconf 84' lang='grc' dir='ltr'>μέρει</span> <span class='ocrx_word' id='word_1_37' title='bbox 157 468 220 512; x_wconf 78' lang='grc' dir='ltr'><strong>τῆς</strong></span> <span class='ocrx_word' id='word_1_38' title='bbox 235 467 309 516; x_wconf 76' lang='grc' dir='ltr'>γῆς.</span> <span class='ocrx_word' id='word_1_39' title='bbox 328 461 512 510; x_wconf 87' lang='grc' dir='ltr'>Βοηθήσας</span> <span class='ocrx_word' id='word_1_40' title='bbox 538 459 575 499; x_wconf 83' lang='grc' dir='ltr'><strong>δὲ</strong></span> <span class='ocrx_word' id='word_1_41' title='bbox 594 460 775 514; x_wconf 74' lang='grc' dir='ltr'>Ἡρακλῆς</span> <span class='ocrx_word' id='word_1_42' title='bbox 792 459 974 498; x_wconf 82' lang='grc' dir='ltr'>ἀπέκτεινε</span> <span class='ocrx_word' id='word_1_43' title='bbox 996 456 1068 496; x_wconf 89' lang='grc' dir='ltr'><strong>Κό-</strong></span> 
     </span>
     <span class='ocr_line' id='line_1_7' title="bbox 25 516 1068 578; baseline -0.008 -15"><span class='ocrx_word' id='word_1_44' title='bbox 25 536 148 578; x_wconf 81' lang='grc' dir='ltr'>ρωνον</span> <span class='ocrx_word' id='word_1_45' title='bbox 167 522 256 575; x_wconf 77' lang='grc' dir='ltr'>μετὰ</span> <span class='ocrx_word' id='word_1_46' title='bbox 274 521 334 561; x_wconf 73' lang='grc' dir='ltr'><strong>καὶ</strong></span> <span class='ocrx_word' id='word_1_47' title='bbox 351 520 482 570; x_wconf 87' lang='grc' dir='ltr'>ἄλλων,</span> <span class='ocrx_word' id='word_1_48' title='bbox 499 519 560 558; x_wconf 79' lang='grc' dir='ltr'><strong>καὶ</strong></span> <span class='ocrx_word' id='word_1_49' title='bbox 579 518 643 567; x_wconf 88' lang='grc' dir='ltr'><strong>τὴν</strong></span> <span class='ocrx_word' id='word_1_50' title='bbox 662 522 727 572; x_wconf 82' lang='grc' dir='ltr'>γ’ἧν</span> <span class='ocrx_word' id='word_1_51' title='bbox 750 519 891 557; x_wconf 79' lang='grc' dir='ltr'>ἅπασαν</span> <span class='ocrx_word' id='word_1_52' title='bbox 910 516 1068 571; x_wconf 88' lang='grc' dir='ltr'>παρέδω-</span> 
     </span>
     <span class='ocr_line' id='line_1_8' title="bbox 39 580 479 635; baseline -0.016 -13"><span class='ocrx_word' id='word_1_53' title='bbox 39 597 98 621; x_wconf 87' lang='grc' dir='ltr'><strong>κεν</strong></span> <span class='ocrx_word' id='word_1_54' title='bbox 116 580 295 635; x_wconf 79' lang='grc' dir='ltr'>ἐλευθέραν</span> <span class='ocrx_word' id='word_1_55' title='bbox 312 581 420 633; x_wconf 78' lang='grc' dir='ltr'>αὐτῷ.</span> <span class='ocrx_word' id='word_1_56' title='bbox 477 612 479 614; x_wconf 87' lang='grc'>.</span> 
     </span>
    </p>

    <p class='ocr_par' dir='ltr' id='par_1_3' title="bbox 13 635 1075 1104">
     <span class='ocr_line' id='line_1_9' title="bbox 92 635 1069 691; baseline -0.006 -12"><span class='ocrx_word' id='word_1_57' title='bbox 92 638 315 680; x_wconf 55' lang='lat' dir='ltr'><strong>“Amicum</strong></span> <span class='ocrx_word' id='word_1_58' title='bbox 353 637 389 676; x_wconf 79' lang='grc' dir='ltr'><strong>δὲ</strong></span> <span class='ocrx_word' id='word_1_59' title='bbox 421 637 481 677; x_wconf 75' lang='grc' dir='ltr'><strong>καὶ</strong></span> <span class='ocrx_word' id='word_1_60' title='bbox 500 635 810 691; x_wconf 81' lang='grc' dir='ltr'>Λαογόραν,μετὰ</span> <span class='ocrx_word' id='word_1_61' title='bbox 838 638 908 675; x_wconf 89' lang='grc' dir='ltr'><strong>τῶν</strong></span> <span class='ocrx_word' id='word_1_62' title='bbox 924 635 1069 684; x_wconf 87' lang='grc' dir='ltr'>τέκνων,</span> 
     </span>
     <span class='ocr_line' id='line_1_10' title="bbox 44 691 1069 752; baseline -0.007 -15"><span class='ocrx_word' id='word_1_63' title='bbox 44 691 193 751; x_wconf 84' lang='grc' dir='ltr'>βασιλέα</span> <span class='ocrx_word' id='word_1_64' title='bbox 210 696 395 752; x_wconf 88' lang='grc' dir='ltr'>Δρυόπων,</span> <span class='ocrx_word' id='word_1_65' title='bbox 410 697 446 735; x_wconf 83' lang='grc' dir='ltr'><strong>ἐν</strong></span> <span class='ocrx_word' id='word_1_66' title='bbox 465 694 681 739; x_wconf 81' lang='grc' dir='ltr'>Ἀπόλλωνος</span> <span class='ocrx_word' id='word_1_67' title='bbox 697 693 833 746; x_wconf 81' lang='grc' dir='ltr'>τεμένει</span> <span class='ocrx_word' id='word_1_68' title='bbox 853 691 1069 744; x_wconf 83' lang='grc' dir='ltr'>δαινύμενον,</span> 
     </span>
     <span class='ocr_line' id='line_1_11' title="bbox 43 750 1071 810; baseline -0.006 -15"><span class='ocrx_word' id='word_1_69' title='bbox 43 754 210 810; x_wconf 76' lang='grc' dir='ltr'>ὖὸριστὴν</span> <span class='ocrx_word' id='word_1_70' title='bbox 230 755 325 804; x_wconf 83' lang='grc' dir='ltr'>ὄντα,</span> <span class='ocrx_word' id='word_1_71' title='bbox 334 754 392 793; x_wconf 84' lang='grc' dir='ltr'><strong>καὶ</strong></span> <span class='ocrx_word' id='word_1_72' title='bbox 408 755 574 794; x_wconf 82' lang='grc' dir='ltr'>Λαπιθῶν</span> <span class='ocrx_word' id='word_1_73' title='bbox 596 752 798 806; x_wconf 87' lang='grc' dir='ltr'>σύμμαχον.</span> <span class='ocrx_word' id='word_1_74' title='bbox 812 750 1015 806; x_wconf 78' lang='grc' dir='ltr'>5Παριόντα</span> <span class='ocrx_word' id='word_1_75' title='bbox 1035 750 1071 789; x_wconf 85' lang='grc' dir='ltr'><strong>δὲ</strong></span> 
     </span>
     <span class='ocr_line' id='line_1_12' title="bbox 42 810 1072 867; baseline -0.006 -13"><span class='ocrx_word' id='word_1_76' title='bbox 42 811 184 854; x_wconf 82' lang='grc' dir='ltr'>Ἴτωνον</span> <span class='ocrx_word' id='word_1_77' title='bbox 205 816 253 858; x_wconf 87' lang='grc' dir='ltr'><strong>εἷς</strong></span> <span class='ocrx_word' id='word_1_78' title='bbox 281 812 503 866; x_wconf 83' lang='grc' dir='ltr'>μονομαχίαν</span> <span class='ocrx_word' id='word_1_79' title='bbox 528 811 790 867; x_wconf 81' lang='grc' dir='ltr'>προεκαλέσατο</span> <span class='ocrx_word' id='word_1_80' title='bbox 810 810 912 849; x_wconf 80' lang='grc' dir='ltr'>αὐτὸν</span> <span class='ocrx_word' id='word_1_81' title='bbox 938 810 1072 853; x_wconf 83' lang='grc' dir='ltr'>Κύκνος</span> 
     </span>
     <span class='ocr_line' id='line_1_13' title="bbox 13 868 1073 927; baseline -0.006 -14"><span class='ocrx_word' id='word_1_82' title='bbox 13 890 19 897; x_wconf 50' lang='lat'><em>*</em></span> <span class='ocrx_word' id='word_1_83' title='bbox 43 872 160 927; x_wconf 82' lang='grc' dir='ltr'>Ἄρεος</span> <span class='ocrx_word' id='word_1_84' title='bbox 180 873 239 912; x_wconf 83' lang='grc' dir='ltr'><strong>καὶ</strong></span> <span class='ocrx_word' id='word_1_85' title='bbox 258 872 447 916; x_wconf 88' lang='grc' dir='ltr'>Πελοπίας.</span> <span class='ocrx_word' id='word_1_86' title='bbox 468 870 605 915; x_wconf 83' lang='grc' dir='ltr'>Συστὰς</span> <span class='ocrx_word' id='word_1_87' title='bbox 621 869 657 909; x_wconf 85' lang='grc' dir='ltr'><strong>δὲ</strong></span> <span class='ocrx_word' id='word_1_88' title='bbox 675 871 734 909; x_wconf 86' lang='grc' dir='ltr'><strong>καὶ</strong></span> <span class='ocrx_word' id='word_1_89' title='bbox 757 873 880 919; x_wconf 82' lang='grc' dir='ltr'>τοῦτον</span> <span class='ocrx_word' id='word_1_90' title='bbox 903 868 1073 908; x_wconf 84' lang='grc' dir='ltr'>ἀπέκτει-</span> 
     </span>
     <span class='ocr_line' id='line_1_14' title="bbox 44 926 1073 986; baseline -0.006 -14"><span class='ocrx_word' id='word_1_91' title='bbox 44 947 113 972; x_wconf 78' lang='grc' dir='ltr'>νεν.</span> <span class='ocrx_word' id='word_1_92' title='bbox 131 932 215 976; x_wconf 72' lang='lat' dir='ltr'><strong>⁶‘ssc</strong></span> <span class='ocrx_word' id='word_1_93' title='bbox 230 931 266 971; x_wconf 84' lang='grc' dir='ltr'><strong>δὲ</strong></span> <span class='ocrx_word' id='word_1_94' title='bbox 280 934 326 975; x_wconf 85' lang='grc' dir='ltr'><strong>εἷς</strong></span> <span class='ocrx_word' id='word_1_95' title='bbox 345 930 530 986; x_wconf 82' lang='grc' dir='ltr'>Ὀρμένιον</span> <span class='ocrx_word' id='word_1_96' title='bbox 547 926 644 979; x_wconf 74' lang='grc' dir='ltr'>ἧκεν,</span> <span class='ocrx_word' id='word_1_97' title='bbox 656 928 834 983; x_wconf 82' lang='grc' dir='ltr'>Ἀμύντωρ</span> <span class='ocrx_word' id='word_1_98' title='bbox 852 928 955 967; x_wconf 85' lang='grc' dir='ltr'>αὐτὸν</span> <span class='ocrx_word' id='word_1_99' title='bbox 969 931 988 967; x_wconf 82' lang='grc' dir='ltr'>ὁ</span> <span class='ocrx_word' id='word_1_100' title='bbox 1006 930 1073 981; x_wconf 85' lang='grc' dir='ltr'><strong>βα-</strong></span> 
     </span>
     <span class='ocr_line' id='line_1_15' title="bbox 46 986 1075 1044; baseline -0.005 -13"><span class='ocrx_word' id='word_1_101' title='bbox 46 991 160 1035; x_wconf 78' lang='grc' dir='ltr'>σιλεὺς</span> <span class='ocrx_word' id='word_1_102' title='bbox 175 991 251 1044; x_wconf 88' lang='grc' dir='ltr'>μεθ’</span> <span class='ocrx_word' id='word_1_103' title='bbox 268 990 384 1030; x_wconf 78' lang='grc' dir='ltr'>ὅπλων</span> <span class='ocrx_word' id='word_1_104' title='bbox 407 991 472 1029; x_wconf 83' lang='grc' dir='ltr'>οὐκ</span> <span class='ocrx_word' id='word_1_105' title='bbox 488 988 542 1028; x_wconf 83' lang='grc' dir='ltr'><strong>εἴα</strong></span> <span class='ocrx_word' id='word_1_106' title='bbox 555 988 766 1043; x_wconf 81' lang='grc' dir='ltr'>διέρχεσθαι.</span> <span class='ocrx_word' id='word_1_107' title='bbox 789 986 1020 1039; x_wconf 89' lang='grc' dir='ltr'>Κωλυόμενος</span> <span class='ocrx_word' id='word_1_108' title='bbox 1039 986 1075 1026; x_wconf 81' lang='grc' dir='ltr'><strong>δὲ</strong></span> 
     </span>
     <span class='ocr_line' id='line_1_16' title="bbox 47 1047 682 1104; baseline -0.005 -15"><span class='ocrx_word' id='word_1_109' title='bbox 47 1048 228 1104; x_wconf 85' lang='grc' dir='ltr'>παριέναι,</span> <span class='ocrx_word' id='word_1_110' title='bbox 246 1050 306 1090; x_wconf 79' lang='grc' dir='ltr'><strong>καὶ</strong></span> <span class='ocrx_word' id='word_1_111' title='bbox 325 1053 446 1089; x_wconf 80' lang='grc' dir='ltr'>τοῦτον</span> <span class='ocrx_word' id='word_1_112' title='bbox 467 1047 682 1087; x_wconf 76' lang='grc' dir='ltr'>ἀπέκτεινεν.</span> 
     </span>
    </p>

    <p class='ocr_par' dir='ltr' id='par_1_4' title="bbox 40 1106 1087 3170">
     <span class='ocr_line' id='line_1_17' title="bbox 101 1106 1077 1164; baseline -0.005 -15"><span class='ocrx_word' id='word_1_113' title='bbox 101 1110 117 1136; x_wconf 86' lang='grc'>7</span> <span class='ocrx_word' id='word_1_114' title='bbox 128 1109 350 1164; x_wconf 78' lang='grc' dir='ltr'>Ἀφικόμενος</span> <span class='ocrx_word' id='word_1_115' title='bbox 367 1108 403 1148; x_wconf 80' lang='grc' dir='ltr'><strong>δὲ</strong></span> <span class='ocrx_word' id='word_1_116' title='bbox 423 1110 470 1152; x_wconf 86' lang='grc' dir='ltr'><strong>εἷς</strong></span> <span class='ocrx_word' id='word_1_117' title='bbox 484 1110 661 1162; x_wconf 84' lang='grc' dir='ltr'>Τραχῖνα,</span> <span class='ocrx_word' id='word_1_118' title='bbox 678 1106 861 1162; x_wconf 85' lang='grc' dir='ltr'>στρατείαν</span> <span class='ocrx_word' id='word_1_119' title='bbox 887 1106 942 1145; x_wconf 82' lang='grc' dir='ltr'>ἐπ’</span> <span class='ocrx_word' id='word_1_120' title='bbox 963 1108 1077 1159; x_wconf 78' lang='grc' dir='ltr'>Οἰχα-</span> 
     </span>
     <span class='ocr_line' id='line_1_18' title="bbox 46 1164 1075 1224; baseline -0.005 -16"><span class='ocrx_word' id='word_1_121' title='bbox 46 1168 125 1208; x_wconf 83' lang='grc' dir='ltr'>λίαν</span> <span class='ocrx_word' id='word_1_122' title='bbox 160 1169 392 1224; x_wconf 82' lang='grc' dir='ltr'>συνήθροιζεν,</span> <span class='ocrx_word' id='word_1_123' title='bbox 437 1166 593 1222; x_wconf 82' lang='grc' dir='ltr'>Εὔρυτον</span> <span class='ocrx_word' id='word_1_124' title='bbox 639 1166 907 1221; x_wconf 89' lang='grc' dir='ltr'>τιμωρήσασθαι</span> <span class='ocrx_word' id='word_1_125' title='bbox 954 1164 1075 1204; x_wconf 87' lang='grc' dir='ltr'>θέλων.</span> 
     </span>
     <span class='ocr_line' id='line_1_19' title="bbox 50 1222 1076 1281; baseline -0.006 -14"><span class='ocrx_word' id='word_1_126' title='bbox 50 1227 341 1281; x_wconf 82' lang='grc' dir='ltr'>Συμμαχούντων</span> <span class='ocrx_word' id='word_1_127' title='bbox 369 1226 406 1266; x_wconf 80' lang='grc' dir='ltr'><strong>δὲ</strong></span> <span class='ocrx_word' id='word_1_128' title='bbox 425 1227 520 1280; x_wconf 78' lang='grc' dir='ltr'>αὐτῷ</span> <span class='ocrx_word' id='word_1_129' title='bbox 549 1225 729 1280; x_wconf 83' lang='grc' dir='ltr'>Ἀρκάδων</span> <span class='ocrx_word' id='word_1_130' title='bbox 747 1225 807 1263; x_wconf 78' lang='grc' dir='ltr'><strong>καὶ</strong></span> <span class='ocrx_word' id='word_1_131' title='bbox 822 1222 991 1272; x_wconf 90' lang='grc' dir='ltr'>Μηλιέων</span> <span class='ocrx_word' id='word_1_132' title='bbox 1007 1225 1076 1262; x_wconf 90' lang='grc' dir='ltr'><strong>τῶν</strong></span> 
     </span>
     <span class='ocr_line' id='line_1_20' title="bbox 49 1282 1079 1341; baseline -0.006 -14"><span class='ocrx_word' id='word_1_133' title='bbox 49 1288 90 1327; x_wconf 77' lang='grc' dir='ltr'>ἐκ</span> <span class='ocrx_word' id='word_1_134' title='bbox 108 1291 303 1341; x_wconf 82' lang='grc' dir='ltr'>Τραχῖνος,</span> <span class='ocrx_word' id='word_1_135' title='bbox 324 1287 384 1325; x_wconf 79' lang='grc' dir='ltr'><strong>καὶ</strong></span> <span class='ocrx_word' id='word_1_136' title='bbox 410 1288 556 1340; x_wconf 81' lang='grc' dir='ltr'>Λοκρῶν</span> <span class='ocrx_word' id='word_1_137' title='bbox 576 1288 645 1324; x_wconf 89' lang='grc' dir='ltr'><strong>τῶν</strong></span> <span class='ocrx_word' id='word_1_138' title='bbox 666 1283 961 1335; x_wconf 82' lang='grc' dir='ltr'>Ἐπικνημιδίων,</span> <span class='ocrx_word' id='word_1_139' title='bbox 981 1282 1079 1321; x_wconf 87' lang='grc' dir='ltr'>κτεί-</span> 
     </span>
     <span class='ocr_line' id='line_1_21' title="bbox 49 1341 1078 1400; baseline -0.006 -14"><span class='ocrx_word' id='word_1_140' title='bbox 49 1363 111 1391; x_wconf 86' lang='grc' dir='ltr'><strong>νας</strong></span> <span class='ocrx_word' id='word_1_141' title='bbox 130 1346 219 1400; x_wconf 80' lang='grc' dir='ltr'>μετὰ</span> <span class='ocrx_word' id='word_1_142' title='bbox 236 1349 305 1385; x_wconf 89' lang='grc' dir='ltr'><strong>τῶν</strong></span> <span class='ocrx_word' id='word_1_143' title='bbox 324 1345 458 1385; x_wconf 88' lang='grc' dir='ltr'>παίδων</span> <span class='ocrx_word' id='word_1_144' title='bbox 479 1344 650 1398; x_wconf 88' lang='grc' dir='ltr'>Εὔρυτον,</span> <span class='ocrx_word' id='word_1_145' title='bbox 668 1346 757 1398; x_wconf 80' lang='grc' dir='ltr'>αἱρεῖ</span> <span class='ocrx_word' id='word_1_146' title='bbox 772 1342 835 1390; x_wconf 88' lang='grc' dir='ltr'><strong>τὴν</strong></span> <span class='ocrx_word' id='word_1_147' title='bbox 852 1341 966 1381; x_wconf 88' lang='grc' dir='ltr'>πόλιν.</span> <span class='ocrx_word' id='word_1_148' title='bbox 989 1341 1078 1381; x_wconf 69' lang='grc' dir='ltr'>ΒΚαὶ</span> 
     </span>
     <span class='ocr_line' id='line_1_22' title="bbox 50 1399 1082 1461; baseline -0.008 -15"><span class='ocrx_word' id='word_1_149' title='bbox 50 1407 163 1461; x_wconf 83' lang='grc' dir='ltr'>Θάψας</span> <span class='ocrx_word' id='word_1_150' title='bbox 180 1408 249 1445; x_wconf 88' lang='grc' dir='ltr'><strong>τῶν</strong></span> <span class='ocrx_word' id='word_1_151' title='bbox 267 1405 329 1445; x_wconf 75' lang='grc' dir='ltr'><strong>σὺν</strong></span> <span class='ocrx_word' id='word_1_152' title='bbox 348 1407 443 1458; x_wconf 79' lang='grc' dir='ltr'>αὐτῷ</span> <span class='ocrx_word' id='word_1_153' title='bbox 463 1402 776 1458; x_wconf 88' lang='grc' dir='ltr'>στρασευσαμένων</span> <span class='ocrx_word' id='word_1_154' title='bbox 791 1401 870 1446; x_wconf 77' lang='grc' dir='ltr'>τοὺς</span> <span class='ocrx_word' id='word_1_155' title='bbox 890 1399 1082 1440; x_wconf 82' lang='grc' dir='ltr'>ἀποθανόν-</span> 
     </span>
     <span class='ocr_line' id='line_1_23' title="bbox 50 1458 1082 1516; baseline -0.008 -11"><span class='ocrx_word' id='word_1_156' title='bbox 50 1482 132 1515; x_wconf 86' lang='grc' dir='ltr'>τας,</span> <span class='ocrx_word' id='word_1_157' title='bbox 149 1464 324 1505; x_wconf 82' lang='grc' dir='ltr'>Ἵππασόν</span> <span class='ocrx_word' id='word_1_158' title='bbox 342 1480 380 1503; x_wconf 87' lang='grc' dir='ltr'><strong>τε</strong></span> <span class='ocrx_word' id='word_1_159' title='bbox 398 1463 457 1503; x_wconf 86' lang='grc' dir='ltr'><strong>τὸν</strong></span> <span class='ocrx_word' id='word_1_160' title='bbox 482 1463 643 1512; x_wconf 84' lang='grc' dir='ltr'>Κήϋκος,</span> <span class='ocrx_word' id='word_1_161' title='bbox 663 1462 722 1501; x_wconf 82' lang='grc' dir='ltr'><strong>καὶ</strong></span> <span class='ocrx_word' id='word_1_162' title='bbox 747 1461 899 1516; x_wconf 82' lang='grc' dir='ltr'>Ἀργεῖον</span> <span class='ocrx_word' id='word_1_163' title='bbox 925 1458 1082 1508; x_wconf 22' lang='grc' dir='ltr'>καὶιΜέ-</span> 
     </span>
     <span class='ocr_line' id='line_1_24' title="bbox 50 1518 1080 1575; baseline -0.007 -11"><span class='ocrx_word' id='word_1_164' title='bbox 50 1526 141 1565; x_wconf 91' lang='grc' dir='ltr'>λανα</span> <span class='ocrx_word' id='word_1_165' title='bbox 156 1524 236 1568; x_wconf 78' lang='grc' dir='ltr'>τοὺς</span> <span class='ocrx_word' id='word_1_166' title='bbox 253 1523 446 1575; x_wconf 88' lang='grc' dir='ltr'>Λικυμνίου</span> <span class='ocrx_word' id='word_1_167' title='bbox 460 1523 605 1571; x_wconf 86' lang='grc' dir='ltr'>παῖδας,</span> <span class='ocrx_word' id='word_1_168' title='bbox 625 1521 684 1560; x_wconf 79' lang='grc' dir='ltr'><strong>καὶ</strong></span> <span class='ocrx_word' id='word_1_169' title='bbox 701 1519 1004 1575; x_wconf 77' lang='grc' dir='ltr'>λαφυραγωγήσας</span> <span class='ocrx_word' id='word_1_170' title='bbox 1017 1518 1080 1567; x_wconf 71' lang='grc' dir='ltr'>ἰ-λν</span> 
     </span>
     <span class='ocr_line' id='line_1_25' title="bbox 50 1578 1082 1636; baseline -0.007 -13"><span class='ocrx_word' id='word_1_171' title='bbox 50 1582 167 1633; x_wconf 85' lang='grc' dir='ltr'>πόλιν,</span> <span class='ocrx_word' id='word_1_172' title='bbox 187 1578 269 1636; x_wconf 69' lang='grc' dir='ltr'>ἦγεν</span> <span class='ocrx_word' id='word_1_173' title='bbox 294 1581 407 1630; x_wconf 84' lang='grc' dir='ltr'>Ἰόλην</span> <span class='ocrx_word' id='word_1_174' title='bbox 431 1581 671 1634; x_wconf 76' lang='grc' dir='ltr'>αἰχμάλωτον,</span> <span class='ocrx_word' id='word_1_175' title='bbox 696 1580 786 1619; x_wconf 80' lang='grc' dir='ltr'>9Καὶ</span> <span class='ocrx_word' id='word_1_176' title='bbox 815 1578 1082 1634; x_wconf 79' lang='grc' dir='ltr'>προσορμισθεὶς</span> 
     </span>
     <span class='ocr_line' id='line_1_26' title="bbox 53 1638 1084 1697; baseline -0.007 -14"><span class='ocrx_word' id='word_1_177' title='bbox 53 1643 201 1697; x_wconf 82' lang='grc' dir='ltr'>Κηναίῳ</span> <span class='ocrx_word' id='word_1_178' title='bbox 210 1645 273 1690; x_wconf 78' lang='grc' dir='ltr'><strong>τῆς</strong></span> <span class='ocrx_word' id='word_1_179' title='bbox 286 1641 450 1690; x_wconf 70' lang='grc' dir='ltr'>Εὐὸοίας,</span> <span class='ocrx_word' id='word_1_180' title='bbox 463 1641 518 1679; x_wconf 82' lang='grc' dir='ltr'>ἔπ’</span> <span class='ocrx_word' id='word_1_181' title='bbox 534 1639 743 1695; x_wconf 74' lang='grc' dir='ltr'>ἀκρωτηρίῳ</span> <span class='ocrx_word' id='word_1_182' title='bbox 756 1639 837 1683; x_wconf 83' lang='grc' dir='ltr'>Διὸς</span> <span class='ocrx_word' id='word_1_183' title='bbox 848 1638 1004 1687; x_wconf 88' lang='grc' dir='ltr'>Κηναίου</span> <span class='ocrx_word' id='word_1_184' title='bbox 1015 1641 1084 1691; x_wconf 86' lang='grc' dir='ltr'><strong>βω-</strong></span> 
     </span>
     <span class='ocr_line' id='line_1_27' title="bbox 53 1696 1084 1757; baseline -0.007 -15"><span class='ocrx_word' id='word_1_185' title='bbox 53 1702 118 1754; x_wconf 82' lang='grc' dir='ltr'><strong>μὸν</strong></span> <span class='ocrx_word' id='word_1_186' title='bbox 132 1700 508 1757; x_wconf 55' lang='lat' dir='ltr'><strong>{specum-mmmm</strong></span> <span class='ocrx_word' id='word_1_187' title='bbox 521 1699 557 1738; x_wconf 89' lang='grc' dir='ltr'><strong>δὲ</strong></span> <span class='ocrx_word' id='word_1_188' title='bbox 574 1702 776 1754; x_wconf 79' lang='grc' dir='ltr'>ἱερουργεῖν,</span> <span class='ocrx_word' id='word_1_189' title='bbox 785 1700 831 1742; x_wconf 90' lang='grc' dir='ltr'><strong>εἷς</strong></span> <span class='ocrx_word' id='word_1_190' title='bbox 841 1696 1084 1752; x_wconf 84' lang='grc' dir='ltr'>Τραχῖνα(Λί-</span> 
     </span>
     <span class='ocr_line' id='line_1_28' title="bbox 52 1755 1082 1815; baseline -0.008 -14"><span class='ocrx_word' id='word_1_191' title='bbox 52 1763 135 1815; x_wconf 86' lang='grc' dir='ltr'>χαν)</span> <span class='ocrx_word' id='word_1_192' title='bbox 164 1761 224 1801; x_wconf 83' lang='grc' dir='ltr'><strong>τὸν</strong></span> <span class='ocrx_word' id='word_1_193' title='bbox 247 1760 384 1815; x_wconf 86' lang='grc' dir='ltr'>κήρυκα</span> <span class='ocrx_word' id='word_1_194' title='bbox 408 1758 563 1813; x_wconf 80' lang='grc' dir='ltr'>ἔπεμψε,</span> <span class='ocrx_word' id='word_1_195' title='bbox 587 1756 756 1813; x_wconf 80' lang='grc' dir='ltr'>λαμπρὰν</span> <span class='ocrx_word' id='word_1_196' title='bbox 780 1758 911 1804; x_wconf 78' lang='grc' dir='ltr'>ἐσθῆτα</span> <span class='ocrx_word' id='word_1_197' title='bbox 930 1755 1082 1795; x_wconf 85' lang='grc' dir='ltr'>οἴσοντα.</span> 
     </span>
     <span class='ocr_line' id='line_1_29' title="bbox 54 1814 1083 1876; baseline -0.008 -15"><span class='ocrx_word' id='word_1_198' title='bbox 54 1819 160 1876; x_wconf 78' lang='grc' dir='ltr'>Παρὰ</span> <span class='ocrx_word' id='word_1_199' title='bbox 170 1820 207 1859; x_wconf 83' lang='grc' dir='ltr'><strong>δὲ</strong></span> <span class='ocrx_word' id='word_1_200' title='bbox 214 1819 336 1859; x_wconf 88' lang='grc' dir='ltr'>τούτου</span> <span class='ocrx_word' id='word_1_201' title='bbox 346 1819 392 1858; x_wconf 82' lang='grc' dir='ltr'>τὰ</span> <span class='ocrx_word' id='word_1_202' title='bbox 400 1818 479 1874; x_wconf 83' lang='grc' dir='ltr'>περὶ</span> <span class='ocrx_word' id='word_1_203' title='bbox 489 1817 553 1866; x_wconf 73' lang='grc' dir='ltr'><strong>τὴν</strong></span> <span class='ocrx_word' id='word_1_204' title='bbox 562 1816 675 1865; x_wconf 85' lang='grc' dir='ltr'>Ἰόλην</span> <span class='ocrx_word' id='word_1_205' title='bbox 687 1816 879 1871; x_wconf 83' lang='grc' dir='ltr'>Δηϊάνειρα</span> <span class='ocrx_word' id='word_1_206' title='bbox 888 1814 1083 1866; x_wconf 89' lang='grc' dir='ltr'>πυθομένη,</span> 
     </span>
     <span class='ocr_line' id='line_1_30' title="bbox 53 1874 1084 1939; baseline -0.008 -19"><span class='ocrx_word' id='word_1_207' title='bbox 53 1880 113 1920; x_wconf 88' lang='grc' dir='ltr'><strong>καὶ</strong></span> <span class='ocrx_word' id='word_1_208' title='bbox 133 1880 277 1919; x_wconf 89' lang='grc' dir='ltr'>δείσασα</span> <span class='ocrx_word' id='word_1_209' title='bbox 299 1878 349 1931; x_wconf 76' lang='grc' dir='ltr'><strong>μὴ</strong></span> <span class='ocrx_word' id='word_1_210' title='bbox 371 1878 505 1926; x_wconf 81' lang='grc' dir='ltr'>ἐκείνην</span> <span class='ocrx_word' id='word_1_211' title='bbox 525 1877 663 1939; x_wconf 71' lang='grc' dir='ltr'>μᾶλλον</span> <span class='ocrx_word' id='word_1_212' title='bbox 692 1875 880 1928; x_wconf 86' lang='grc' dir='ltr'>ἀγαπήσῃ,</span> <span class='ocrx_word' id='word_1_213' title='bbox 906 1874 1084 1927; x_wconf 91' lang='grc' dir='ltr'>νομίσασα</span> 
     </span>
     <span class='ocr_line' id='line_1_31' title="bbox 53 1928 1084 1992; baseline -0.008 -14"><span class='ocrx_word' id='word_1_214' title='bbox 53 1943 128 1982; x_wconf 90' lang='grc' dir='ltr'>ταῖς</span> <span class='ocrx_word' id='word_1_215' title='bbox 145 1937 321 1987; x_wconf 87' lang='grc' dir='ltr'>ἀληθείαις</span> <span class='ocrx_word' id='word_1_216' title='bbox 343 1937 483 1992; x_wconf 82' lang='grc' dir='ltr'>φίλτρον</span> <span class='ocrx_word' id='word_1_217' title='bbox 514 1939 602 1975; x_wconf 79' lang='grc' dir='ltr'>εἶναι</span> <span class='ocrx_word' id='word_1_218' title='bbox 630 1934 671 1974; x_wconf 81' lang='grc' dir='ltr'>τὸ</span> <span class='ocrx_word' id='word_1_219' title='bbox 701 1933 777 1988; x_wconf 78' lang='grc' dir='ltr'>ῥυὲν</span> <span class='ocrx_word' id='word_1_220' title='bbox 810 1928 900 1985; x_wconf 69' lang='grc' dir='ltr'>αἷμα</span> <span class='ocrx_word' id='word_1_221' title='bbox 925 1931 1084 1981; x_wconf 83' lang='grc' dir='ltr'>Νέσσου,</span> 
     </span>
     <span class='ocr_line' id='line_1_32' title="bbox 53 1991 1083 2051; baseline -0.007 -15"><span class='ocrx_word' id='word_1_222' title='bbox 53 1995 166 2051; x_wconf 87' lang='grc' dir='ltr'>τούτῳ</span> <span class='ocrx_word' id='word_1_223' title='bbox 184 1997 242 2036; x_wconf 84' lang='grc' dir='ltr'><strong>τὸν</strong></span> <span class='ocrx_word' id='word_1_224' title='bbox 262 1999 396 2050; x_wconf 86' lang='grc' dir='ltr'>χιτῶνα</span> <span class='ocrx_word' id='word_1_225' title='bbox 417 1994 566 2050; x_wconf 87' lang='grc' dir='ltr'>ἔχρισεν.</span> <span class='ocrx_word' id='word_1_226' title='bbox 583 1993 708 2038; x_wconf 77' lang='grc' dir='ltr'>Ἐνδὺς</span> <span class='ocrx_word' id='word_1_227' title='bbox 722 1993 759 2032; x_wconf 80' lang='grc' dir='ltr'><strong>δὲ</strong></span> <span class='ocrx_word' id='word_1_228' title='bbox 778 1992 957 2046; x_wconf 79' lang='grc' dir='ltr'>Ἡρακλῆς</span> <span class='ocrx_word' id='word_1_229' title='bbox 976 1991 1083 2030; x_wconf 88' lang='grc' dir='ltr'>ἔθυεν.</span> 
     </span>
     <span class='ocr_line' id='line_1_33' title="bbox 57 2051 1084 2110; baseline -0.008 -14"><span class='ocrx_word' id='word_1_230' title='bbox 57 2055 151 2101; x_wconf 81' lang='grc' dir='ltr'><strong>ΗὩς</strong></span> <span class='ocrx_word' id='word_1_231' title='bbox 168 2055 204 2095; x_wconf 82' lang='grc' dir='ltr'><strong>δὲ</strong></span> <span class='ocrx_word' id='word_1_232' title='bbox 224 2054 472 2110; x_wconf 84' lang='grc' dir='ltr'>θερμανθέντος</span> <span class='ocrx_word' id='word_1_233' title='bbox 484 2058 546 2094; x_wconf 81' lang='grc' dir='ltr'>τοῦ</span> <span class='ocrx_word' id='word_1_234' title='bbox 566 2056 713 2107; x_wconf 85' lang='grc' dir='ltr'>χιτῶνος</span> <span class='ocrx_word' id='word_1_235' title='bbox 730 2056 748 2092; x_wconf 85' lang='grc' dir='ltr'>ὁ</span> <span class='ocrx_word' id='word_1_236' title='bbox 760 2055 823 2099; x_wconf 75' lang='grc' dir='ltr'><strong>τῆς</strong></span> <span class='ocrx_word' id='word_1_237' title='bbox 838 2051 940 2106; x_wconf 76' lang='grc' dir='ltr'>ὕδρας</span> <span class='ocrx_word' id='word_1_238' title='bbox 955 2051 1003 2095; x_wconf 52' lang='lat' dir='ltr'><strong>{iq</strong></span> <span class='ocrx_word' id='word_1_239' title='bbox 1025 2051 1084 2089; x_wconf 85' lang='grc' dir='ltr'><strong>τὸν</strong></span> 
     </span>
     <span class='ocr_line' id='line_1_34' title="bbox 55 2110 1084 2171; baseline -0.009 -15"><span class='ocrx_word' id='word_1_240' title='bbox 55 2118 177 2171; x_wconf 83' lang='grc' dir='ltr'>χρῶτα</span> <span class='ocrx_word' id='word_1_241' title='bbox 202 2115 334 2164; x_wconf 87' lang='grc' dir='ltr'>ἔσηπε,</span> <span class='ocrx_word' id='word_1_242' title='bbox 351 2115 409 2154; x_wconf 80' lang='grc' dir='ltr'><strong>τὸν</strong></span> <span class='ocrx_word' id='word_1_243' title='bbox 430 2114 493 2167; x_wconf 77' lang='grc' dir='ltr'><strong>μὲν</strong></span> <span class='ocrx_word' id='word_1_244' title='bbox 521 2114 635 2167; x_wconf 87' lang='grc' dir='ltr'>Λίχαν</span> <span class='ocrx_word' id='word_1_245' title='bbox 656 2118 727 2151; x_wconf 92' lang='grc' dir='ltr'>τοῖν</span> <span class='ocrx_word' id='word_1_246' title='bbox 754 2112 872 2150; x_wconf 88' lang='grc' dir='ltr'>ποδοῖν</span> <span class='ocrx_word' id='word_1_247' title='bbox 895 2110 1084 2165; x_wconf 85' lang='grc' dir='ltr'>ἀράμενος,</span> 
     </span>
     <span class='ocr_line' id='line_1_35' title="bbox 57 2172 1086 2229; baseline -0.009 -12"><span class='ocrx_word' id='word_1_248' title='bbox 57 2177 144 2229; x_wconf 78' lang='grc' dir='ltr'>[ἀπὸ</span> <span class='ocrx_word' id='word_1_249' title='bbox 156 2180 219 2225; x_wconf 71' lang='grc' dir='ltr'><strong>τῆς</strong></span> <span class='ocrx_word' id='word_1_250' title='bbox 237 2176 407 2219; x_wconf 86' lang='grc' dir='ltr'>Βοιωτίας</span> <span class='ocrx_word' id='word_1_251' title='bbox 423 2177 470 2220; x_wconf 85' lang='grc' dir='ltr'><strong>εἷς</strong></span> <span class='ocrx_word' id='word_1_252' title='bbox 483 2174 546 2223; x_wconf 85' lang='grc' dir='ltr'><strong>τὴν</strong></span> <span class='ocrx_word' id='word_1_253' title='bbox 566 2172 741 2221; x_wconf 73' lang='grc' dir='ltr'>Εὖὸοϊκὴν</span> <span class='ocrx_word' id='word_1_254' title='bbox 760 2172 956 2221; x_wconf 88' lang='grc' dir='ltr'>θάλασσαν]</span> <span class='ocrx_word' id='word_1_255' title='bbox 976 2186 1086 2217; x_wconf 88' lang='grc' dir='ltr'>κατη-</span> 
     </span>
     <span class='ocr_line' id='line_1_36' title="bbox 57 2228 1085 2287; baseline -0.01 -11"><span class='ocrx_word' id='word_1_256' title='bbox 57 2235 227 2286; x_wconf 84' lang='grc' dir='ltr'>κόντισεν,</span> <span class='ocrx_word' id='word_1_257' title='bbox 247 2235 305 2274; x_wconf 83' lang='grc' dir='ltr'><strong>τὸν</strong></span> <span class='ocrx_word' id='word_1_258' title='bbox 342 2234 378 2273; x_wconf 82' lang='grc' dir='ltr'><strong>δὲ</strong></span> <span class='ocrx_word' id='word_1_259' title='bbox 403 2237 537 2287; x_wconf 86' lang='grc' dir='ltr'>χιτῶνα</span> <span class='ocrx_word' id='word_1_260' title='bbox 573 2231 717 2271; x_wconf 84' lang='grc' dir='ltr'>ἀπέσπα</span> <span class='ocrx_word' id='word_1_261' title='bbox 736 2228 1007 2286; x_wconf 75' lang='grc' dir='ltr'>προσπεφυκότα</span> <span class='ocrx_word' id='word_1_262' title='bbox 1035 2231 1085 2283; x_wconf 81' lang='grc' dir='ltr'>τῷ</span> 
     </span>
     <span class='ocr_line' id='line_1_37' title="bbox 58 2287 1084 2348; baseline -0.01 -13"><span class='ocrx_word' id='word_1_263' title='bbox 58 2287 209 2348; x_wconf 86' lang='grc' dir='ltr'>σώματι·</span> <span class='ocrx_word' id='word_1_264' title='bbox 222 2296 496 2334; x_wconf 85' lang='grc' dir='ltr'>συναπεσπῶντο</span> <span class='ocrx_word' id='word_1_265' title='bbox 516 2291 552 2331; x_wconf 81' lang='grc' dir='ltr'><strong>δὲ</strong></span> <span class='ocrx_word' id='word_1_266' title='bbox 570 2293 606 2330; x_wconf 76' lang='grc' dir='ltr'><strong>αἱ</strong></span> <span class='ocrx_word' id='word_1_267' title='bbox 623 2291 749 2345; x_wconf 87' lang='grc' dir='ltr'>σάρκες</span> <span class='ocrx_word' id='word_1_268' title='bbox 766 2291 874 2342; x_wconf 78' lang='grc' dir='ltr'>αὐτῷ.</span> <span class='ocrx_word' id='word_1_269' title='bbox 891 2287 1084 2341; x_wconf 71' lang='grc' dir='ltr'><strong>12Τοιαύτη</strong></span> 
     </span>
     <span class='ocr_line' id='line_1_38' title="bbox 58 2346 1086 2409; baseline -0.009 -16"><span class='ocrx_word' id='word_1_270' title='bbox 58 2353 95 2393; x_wconf 81' lang='grc' dir='ltr'><strong>δὲ</strong></span> <span class='ocrx_word' id='word_1_271' title='bbox 113 2360 275 2409; x_wconf 75' lang='grc' dir='ltr'>συμφορᾷ</span> <span class='ocrx_word' id='word_1_272' title='bbox 290 2352 536 2406; x_wconf 74' lang='grc' dir='ltr'>κατασχεθεὶς,</span> <span class='ocrx_word' id='word_1_273' title='bbox 557 2352 604 2394; x_wconf 85' lang='grc' dir='ltr'><strong>εἷς</strong></span> <span class='ocrx_word' id='word_1_274' title='bbox 620 2352 783 2404; x_wconf 90' lang='grc' dir='ltr'>Τραχῖνα</span> <span class='ocrx_word' id='word_1_275' title='bbox 800 2348 857 2387; x_wconf 77' lang='grc' dir='ltr'>ἐπὶ</span> <span class='ocrx_word' id='word_1_276' title='bbox 876 2346 960 2391; x_wconf 86' lang='grc' dir='ltr'>νεὼς</span> <span class='ocrx_word' id='word_1_277' title='bbox 978 2347 1086 2399; x_wconf 89' lang='grc' dir='ltr'>κομί-</span> 
     </span>
     <span class='ocr_line' id='line_1_39' title="bbox 58 2405 1084 2466; baseline -0.009 -14"><span class='ocrx_word' id='word_1_278' title='bbox 58 2411 164 2459; x_wconf 85' lang='grc' dir='ltr'>ζεται.</span> <span class='ocrx_word' id='word_1_279' title='bbox 199 2412 389 2466; x_wconf 82' lang='grc' dir='ltr'>Δηϊάνειρα</span> <span class='ocrx_word' id='word_1_280' title='bbox 427 2409 464 2449; x_wconf 81' lang='grc' dir='ltr'><strong>δὲ</strong></span> <span class='ocrx_word' id='word_1_281' title='bbox 492 2407 681 2460; x_wconf 75' lang='grc' dir='ltr'>αἰσθομένη</span> <span class='ocrx_word' id='word_1_282' title='bbox 701 2407 741 2447; x_wconf 84' lang='grc' dir='ltr'>τὸ</span> <span class='ocrx_word' id='word_1_283' title='bbox 767 2405 924 2459; x_wconf 83' lang='grc' dir='ltr'>γεγονὸς,</span> <span class='ocrx_word' id='word_1_284' title='bbox 958 2405 1084 2453; x_wconf 81' lang='grc' dir='ltr'>ἑαυτὴν</span> 
     </span>
     <span class='ocr_line' id='line_1_40' title="bbox 56 2464 1087 2527; baseline -0.008 -16"><span class='ocrx_word' id='word_1_285' title='bbox 56 2471 265 2527; x_wconf 82' lang='grc' dir='ltr'>ἀνήρτησεν.</span> <span class='ocrx_word' id='word_1_286' title='bbox 286 2471 498 2525; x_wconf 71' lang='grc' dir='ltr'><strong>13Ἡρακλῆς</strong></span> <span class='ocrx_word' id='word_1_287' title='bbox 523 2468 559 2507; x_wconf 83' lang='grc' dir='ltr'><strong>δὲ</strong></span> <span class='ocrx_word' id='word_1_288' title='bbox 577 2467 815 2519; x_wconf 82' lang='grc' dir='ltr'>ἐντειλάμενος</span> <span class='ocrx_word' id='word_1_289' title='bbox 829 2465 976 2518; x_wconf 45' lang='grc' dir='ltr'>ςΎλλῳ,</span> <span class='ocrx_word' id='word_1_290' title='bbox 994 2464 1030 2508; x_wconf 80' lang='grc' dir='ltr'><strong>ὃς</strong></span> <span class='ocrx_word' id='word_1_291' title='bbox 1047 2466 1087 2503; x_wconf 83' lang='grc' dir='ltr'>ἐκ</span> 
     </span>
     <span class='ocr_line' id='line_1_41' title="bbox 59 2523 1086 2586; baseline -0.01 -15"><span class='ocrx_word' id='word_1_292' title='bbox 59 2531 265 2586; x_wconf 87' lang='grc' dir='ltr'>Δηϊανείρας</span> <span class='ocrx_word' id='word_1_293' title='bbox 275 2524 318 2579; x_wconf 74' lang='grc' dir='ltr'><strong>ἧν</strong></span> <span class='ocrx_word' id='word_1_294' title='bbox 339 2531 434 2584; x_wconf 80' lang='grc' dir='ltr'>αὐτῷ</span> <span class='ocrx_word' id='word_1_295' title='bbox 451 2535 532 2573; x_wconf 88' lang='grc' dir='ltr'>παῖς</span> <span class='ocrx_word' id='word_1_296' title='bbox 544 2526 777 2583; x_wconf 73' lang='grc' dir='ltr'>πρεσὸύτερος</span> <span class='ocrx_word' id='word_1_297' title='bbox 789 2557 799 2574; x_wconf 93' lang='grc'>,</span> <span class='ocrx_word' id='word_1_298' title='bbox 817 2523 930 2572; x_wconf 86' lang='grc' dir='ltr'>Ἰόλην</span> <span class='ocrx_word' id='word_1_299' title='bbox 949 2524 1086 2578; x_wconf 84' lang='grc' dir='ltr'>ἀνδρω-</span> 
     </span>
     <span class='ocr_line' id='line_1_42' title="bbox 59 2582 1086 2644; baseline -0.009 -15"><span class='ocrx_word' id='word_1_300' title='bbox 59 2584 162 2629; x_wconf 81' lang='grc' dir='ltr'>θέντα</span> <span class='ocrx_word' id='word_1_301' title='bbox 176 2593 308 2642; x_wconf 78' lang='grc' dir='ltr'>γῆμαι,</span> <span class='ocrx_word' id='word_1_302' title='bbox 329 2587 609 2644; x_wconf 86' lang='grc' dir='ltr'>παραγενόμενος</span> <span class='ocrx_word' id='word_1_303' title='bbox 631 2589 679 2631; x_wconf 87' lang='grc' dir='ltr'><strong>εἰς</strong></span> <span class='ocrx_word' id='word_1_304' title='bbox 701 2585 814 2633; x_wconf 80' lang='grc' dir='ltr'>Οἴτην</span> <span class='ocrx_word' id='word_1_305' title='bbox 835 2583 912 2638; x_wconf 79' lang='grc' dir='ltr'>ὅρος</span> <span class='ocrx_word' id='word_1_306' title='bbox 939 2582 1029 2635; x_wconf 83' lang='grc' dir='ltr'>(ἔστι</span> <span class='ocrx_word' id='word_1_307' title='bbox 1050 2582 1086 2621; x_wconf 85' lang='grc' dir='ltr'><strong>δὲ</strong></span> 
     </span>
     <span class='ocr_line' id='line_1_43' title="bbox 58 2641 1086 2703; baseline -0.009 -15"><span class='ocrx_word' id='word_1_308' title='bbox 58 2647 160 2688; x_wconf 75' lang='grc' dir='ltr'>τοῦτο</span> <span class='ocrx_word' id='word_1_309' title='bbox 175 2647 408 2703; x_wconf 88' lang='grc' dir='ltr'>Τραχινίων),</span> <span class='ocrx_word' id='word_1_310' title='bbox 423 2649 494 2686; x_wconf 80' lang='grc' dir='ltr'>ἐκεῖ</span> <span class='ocrx_word' id='word_1_311' title='bbox 509 2645 622 2700; x_wconf 73' lang='grc' dir='ltr'>πυρὰν</span> <span class='ocrx_word' id='word_1_312' title='bbox 642 2644 804 2692; x_wconf 85' lang='grc' dir='ltr'>ποιήσας,</span> <span class='ocrx_word' id='word_1_313' title='bbox 816 2641 985 2690; x_wconf 85' lang='grc' dir='ltr'>ἐκέλευεν,</span> <span class='ocrx_word' id='word_1_314' title='bbox 1006 2642 1086 2680; x_wconf 81' lang='grc' dir='ltr'>ἐπι-</span> 
     </span>
     <span class='ocr_line' id='line_1_44' title="bbox 59 2699 1087 2762; baseline -0.01 -15"><span class='ocrx_word' id='word_1_315' title='bbox 59 2706 387 2762; x_wconf 76' lang='grc' dir='ltr'>6ἄντος,ὓφάπτειν.</span> <span class='ocrx_word' id='word_1_316' title='bbox 399 2705 590 2753; x_wconf 70' lang='grc' dir='ltr'><strong>14Μηδενὸς</strong></span> <span class='ocrx_word' id='word_1_317' title='bbox 609 2704 645 2743; x_wconf 85' lang='grc' dir='ltr'><strong>δὲ</strong></span> <span class='ocrx_word' id='word_1_318' title='bbox 655 2708 756 2743; x_wconf 82' lang='grc' dir='ltr'>τοῦτο</span> <span class='ocrx_word' id='word_1_319' title='bbox 773 2702 937 2757; x_wconf 82' lang='grc' dir='ltr'>πράττειν</span> <span class='ocrx_word' id='word_1_320' title='bbox 952 2699 1087 2739; x_wconf 83' lang='grc' dir='ltr'>ἐθέλον-</span> 
     </span>
     <span class='ocr_line' id='line_1_45' title="bbox 60 2761 1083 2821; baseline -0.013 -12"><span class='ocrx_word' id='word_1_321' title='bbox 60 2781 140 2816; x_wconf 74' lang='grc' dir='ltr'>τος,</span> <span class='ocrx_word' id='word_1_322' title='bbox 158 2766 270 2811; x_wconf 87' lang='grc' dir='ltr'>Ποίας</span> <span class='ocrx_word' id='word_1_323' title='bbox 282 2797 292 2816; x_wconf 93' lang='grc'>,</span> <span class='ocrx_word' id='word_1_324' title='bbox 312 2765 447 2821; x_wconf 86' lang='grc' dir='ltr'>παριὼν</span> <span class='ocrx_word' id='word_1_325' title='bbox 475 2764 566 2805; x_wconf 83' lang='grc' dir='ltr'>κατὰ</span> <span class='ocrx_word' id='word_1_326' title='bbox 586 2764 730 2812; x_wconf 85' lang='grc' dir='ltr'>ζήτησιν</span> <span class='ocrx_word' id='word_1_327' title='bbox 753 2761 939 2813; x_wconf 85' lang='grc' dir='ltr'>ποιμνίων,</span> <span class='ocrx_word' id='word_1_328' title='bbox 959 2762 1083 2814; x_wconf 73' lang='grc' dir='ltr'>ὑφῆψε.</span> 
     </span>
     <span class='ocr_line' id='line_1_46' title="bbox 60 2817 1086 2880; baseline -0.01 -14"><span class='ocrx_word' id='word_1_329' title='bbox 60 2825 185 2880; x_wconf 86' lang='grc' dir='ltr'>Τούτῳ</span> <span class='ocrx_word' id='word_1_330' title='bbox 200 2826 260 2865; x_wconf 82' lang='grc' dir='ltr'><strong>καὶ</strong></span> <span class='ocrx_word' id='word_1_331' title='bbox 274 2825 318 2865; x_wconf 81' lang='grc' dir='ltr'>τὰ</span> <span class='ocrx_word' id='word_1_332' title='bbox 325 2825 407 2871; x_wconf 84' lang='grc' dir='ltr'>τόξα</span> <span class='ocrx_word' id='word_1_333' title='bbox 419 2824 621 2878; x_wconf 81' lang='grc' dir='ltr'>ἐδωρήσατο</span> <span class='ocrx_word' id='word_1_334' title='bbox 638 2824 828 2877; x_wconf 79' lang='grc' dir='ltr'>Ἡρακλῆς.</span> <span class='ocrx_word' id='word_1_335' title='bbox 852 2817 1086 2869; x_wconf 66' lang='grc' dir='ltr'>ΙῦΚαιομένης</span> 
     </span>
     <span class='ocr_line' id='line_1_47' title="bbox 40 2877 1087 2939; baseline -0.007 -18"><span class='ocrx_word' id='word_1_336' title='bbox 40 2918 44 2921; x_wconf 93' lang='grc'>.</span> <span class='ocrx_word' id='word_1_337' title='bbox 63 2881 100 2922; x_wconf 80' lang='grc' dir='ltr'><strong>δὲ</strong></span> <span class='ocrx_word' id='word_1_338' title='bbox 123 2887 184 2932; x_wconf 72' lang='grc' dir='ltr'><strong>τῆς</strong></span> <span class='ocrx_word' id='word_1_339' title='bbox 202 2890 332 2939; x_wconf 78' lang='grc' dir='ltr'>πυρᾶς,</span> <span class='ocrx_word' id='word_1_340' title='bbox 358 2883 498 2935; x_wconf 85' lang='grc' dir='ltr'>λέγεται</span> <span class='ocrx_word' id='word_1_341' title='bbox 523 2881 623 2936; x_wconf 83' lang='grc' dir='ltr'>νέφος</span> <span class='ocrx_word' id='word_1_342' title='bbox 649 2880 802 2920; x_wconf 78' lang='grc' dir='ltr'>ὑποστὰν</span> <span class='ocrx_word' id='word_1_343' title='bbox 834 2877 922 2931; x_wconf 84' lang='grc' dir='ltr'>μετὰ</span> <span class='ocrx_word' id='word_1_344' title='bbox 943 2879 1087 2931; x_wconf 79' lang='grc' dir='ltr'>βροντῆς</span> 
     </span>
     <span class='ocr_line' id='line_1_48' title="bbox 62 2935 1087 2997; baseline -0.01 -14"><span class='ocrx_word' id='word_1_345' title='bbox 62 2942 163 2983; x_wconf 68' lang='grc' dir='ltr'>αὖτὸν</span> <span class='ocrx_word' id='word_1_346' title='bbox 183 2945 229 2987; x_wconf 85' lang='grc' dir='ltr'><strong>εἷς</strong></span> <span class='ocrx_word' id='word_1_347' title='bbox 246 2943 388 2997; x_wconf 80' lang='grc' dir='ltr'>οὐρανὸν</span> <span class='ocrx_word' id='word_1_348' title='bbox 407 2941 622 2994; x_wconf 82' lang='grc' dir='ltr'>ἀναπέμψαι.</span> <span class='ocrx_word' id='word_1_349' title='bbox 643 2941 797 2981; x_wconf 85' lang='grc' dir='ltr'>Ἐκεῖθεν</span> <span class='ocrx_word' id='word_1_350' title='bbox 816 2936 851 2976; x_wconf 81' lang='grc' dir='ltr'><strong>δὲ</strong></span> <span class='ocrx_word' id='word_1_351' title='bbox 867 2935 984 2989; x_wconf 87' lang='grc' dir='ltr'>τυχὼν</span> <span class='ocrx_word' id='word_1_352' title='bbox 1003 2938 1087 2974; x_wconf 87' lang='grc' dir='ltr'>ἀθα-</span> 
     </span>
     <span class='ocr_line' id='line_1_49' title="bbox 44 2993 1086 3054; baseline -0.007 -16"><span class='ocrx_word' id='word_1_353' title='bbox 44 3000 200 3049; x_wconf 69' lang='grc' dir='ltr'>νασίας,</span> <span class='ocrx_word' id='word_1_354' title='bbox 222 3001 282 3040; x_wconf 85' lang='grc' dir='ltr'><strong>καὶ</strong></span> <span class='ocrx_word' id='word_1_355' title='bbox 303 3001 498 3052; x_wconf 82' lang='grc' dir='ltr'>διαλλαγεὶς</span> <span class='ocrx_word' id='word_1_356' title='bbox 523 2999 640 3054; x_wconf 74' lang='lat' dir='ltr'><strong>‘&#39;Hpqt,</strong></span> <span class='ocrx_word' id='word_1_357' title='bbox 670 2997 733 3045; x_wconf 84' lang='grc' dir='ltr'><strong>τὴν</strong></span> <span class='ocrx_word' id='word_1_358' title='bbox 761 2996 892 3043; x_wconf 81' lang='grc' dir='ltr'>ἐκείνης</span> <span class='ocrx_word' id='word_1_359' title='bbox 915 2993 1086 3047; x_wconf 87' lang='grc' dir='ltr'>θυγατέρα</span> 
     </span>
     <span class='ocr_line' id='line_1_50' title="bbox 62 3052 1085 3112; baseline -0.008 -14"><span class='ocrx_word' id='word_1_360' title='bbox 62 3057 178 3107; x_wconf 72' lang='grc' dir='ltr'><strong>Ἥὸην</strong></span> <span class='ocrx_word' id='word_1_361' title='bbox 199 3059 341 3112; x_wconf 88' lang='grc' dir='ltr'>ἔγημεν,</span> <span class='ocrx_word' id='word_1_362' title='bbox 357 3059 392 3105; x_wconf 82' lang='grc' dir='ltr'><strong>ἐξ</strong></span> <span class='ocrx_word' id='word_1_363' title='bbox 409 3056 450 3108; x_wconf 71' lang='grc' dir='ltr'><strong>ἧς</strong></span> <span class='ocrx_word' id='word_1_364' title='bbox 464 3061 557 3112; x_wconf 81' lang='grc' dir='ltr'>αὐτῷ</span> <span class='ocrx_word' id='word_1_365' title='bbox 568 3059 687 3101; x_wconf 88' lang='grc' dir='ltr'>παῖδες</span> <span class='ocrx_word' id='word_1_366' title='bbox 698 3055 898 3109; x_wconf 82' lang='grc' dir='ltr'>Ἀλεξιάρης</span> <span class='ocrx_word' id='word_1_367' title='bbox 912 3053 971 3092; x_wconf 80' lang='grc' dir='ltr'><strong>καὶ</strong></span> <span class='ocrx_word' id='word_1_368' title='bbox 989 3052 1085 3092; x_wconf 83' lang='grc' dir='ltr'>Ἀνί-</span> 
     </span>
     <span class='ocr_line' id='line_1_51' title="bbox 63 3117 349 3170; baseline 0.003 -14"><span class='ocrx_word' id='word_1_369' title='bbox 63 3131 166 3165; x_wconf 82' lang='grc' dir='ltr'>κητος</span> <span class='ocrx_word' id='word_1_370' title='bbox 181 3117 349 3170; x_wconf 82' lang='grc' dir='ltr'>ἐγένοντο.</span> 
     </span>
    </p>

    <p class='ocr_par' dir='ltr' id='par_1_5' title="bbox 63 3169 1086 3405">
     <span class='ocr_line' id='line_1_52' title="bbox 116 3169 1085 3229; baseline -0.008 -15"><span class='ocrx_word' id='word_1_371' title='bbox 116 3176 171 3229; x_wconf 84' lang='grc'><strong>(8)</strong></span> <span class='ocrx_word' id='word_1_372' title='bbox 194 3170 311 3217; x_wconf 67' lang='lat' dir='ltr'><strong>&#39;“Haav</strong></span> <span class='ocrx_word' id='word_1_373' title='bbox 338 3176 375 3215; x_wconf 83' lang='grc' dir='ltr'><strong>δὲ</strong></span> <span class='ocrx_word' id='word_1_374' title='bbox 400 3177 521 3220; x_wconf 85' lang='grc' dir='ltr'>παῖδες</span> <span class='ocrx_word' id='word_1_375' title='bbox 551 3175 664 3227; x_wconf 80' lang='grc' dir='ltr'>αὐτῷ,</span> <span class='ocrx_word' id='word_1_376' title='bbox 689 3175 729 3212; x_wconf 83' lang='grc' dir='ltr'>ἐκ</span> <span class='ocrx_word' id='word_1_377' title='bbox 749 3172 811 3224; x_wconf 80' lang='grc' dir='ltr'><strong>μὲν</strong></span> <span class='ocrx_word' id='word_1_378' title='bbox 832 3174 901 3212; x_wconf 85' lang='grc' dir='ltr'><strong>τῶν</strong></span> <span class='ocrx_word' id='word_1_379' title='bbox 928 3169 1085 3210; x_wconf 88' lang='grc' dir='ltr'>Θεσπίου</span> 
     </span>
     <span class='ocr_line' id='line_1_53' title="bbox 64 3229 1083 3290; baseline -0.007 -16"><span class='ocrx_word' id='word_1_380' title='bbox 64 3234 272 3289; x_wconf 86' lang='grc' dir='ltr'>θυγατέρων,</span> <span class='ocrx_word' id='word_1_381' title='bbox 295 3234 485 3290; x_wconf 85' lang='grc' dir='ltr'>Πρόκριδος</span> <span class='ocrx_word' id='word_1_382' title='bbox 503 3233 581 3286; x_wconf 83' lang='grc' dir='ltr'>μὲν,</span> <span class='ocrx_word' id='word_1_383' title='bbox 602 3231 787 3272; x_wconf 81' lang='grc' dir='ltr'>Ἀντιλέων</span> <span class='ocrx_word' id='word_1_384' title='bbox 806 3232 865 3270; x_wconf 87' lang='grc' dir='ltr'><strong>καὶ</strong></span> <span class='ocrx_word' id='word_1_385' title='bbox 887 3229 1043 3272; x_wconf 82' lang='grc' dir='ltr'>Ἱππεύς·</span> <span class='ocrx_word' id='word_1_386' title='bbox 1062 3233 1083 3277; x_wconf 81' lang='grc' dir='ltr'>ἠ</span> 
     </span>
     <span class='ocr_line' id='line_1_54' title="bbox 63 3287 1086 3348; baseline -0.006 -17"><span class='ocrx_word' id='word_1_387' title='bbox 63 3293 285 3346; x_wconf 72' lang='grc' dir='ltr'>πρεσὸυτάτη</span> <span class='ocrx_word' id='word_1_388' title='bbox 299 3293 365 3348; x_wconf 78' lang='grc' dir='ltr'><strong>γὰρ</strong></span> <span class='ocrx_word' id='word_1_389' title='bbox 382 3293 544 3345; x_wconf 86' lang='grc' dir='ltr'>διδύμους</span> <span class='ocrx_word' id='word_1_390' title='bbox 562 3290 737 3343; x_wconf 83' lang='grc' dir='ltr'>ἐγέννησε.</span> <span class='ocrx_word' id='word_1_391' title='bbox 753 3289 924 3336; x_wconf 91' lang='grc' dir='ltr'>Πανόπης</span> <span class='ocrx_word' id='word_1_392' title='bbox 944 3287 980 3326; x_wconf 82' lang='grc' dir='ltr'><strong>δὲ</strong></span> <span class='ocrx_word' id='word_1_393' title='bbox 994 3289 1086 3340; x_wconf 89' lang='grc' dir='ltr'>Θρε-</span> 
     </span>
     <span class='ocr_line' id='line_1_55' title="bbox 64 3345 1084 3405; baseline -0.01 -12"><span class='ocrx_word' id='word_1_394' title='bbox 64 3352 217 3405; x_wconf 79' lang='grc' dir='ltr'>ψίππας·</span> <span class='ocrx_word' id='word_1_395' title='bbox 252 3353 389 3403; x_wconf 83' lang='grc' dir='ltr'>Λύσης,</span> <span class='ocrx_word' id='word_1_396' title='bbox 424 3352 602 3404; x_wconf 71' lang='grc' dir='ltr'>Εὐμήδης·</span> <span class='ocrx_word' id='word_1_397' title='bbox 629 3351 646 3368; x_wconf 85' lang='lat'><em>*</em></span> <span class='ocrx_word' id='word_1_398' title='bbox 667 3350 788 3405; x_wconf 83' lang='grc' dir='ltr'>Κρέων</span> <span class='ocrx_word' id='word_1_399' title='bbox 802 3366 810 3374; x_wconf 95' lang='grc'>·</span> <span class='ocrx_word' id='word_1_400' title='bbox 830 3346 847 3370; x_wconf 80' lang='lat'>²</span> <span class='ocrx_word' id='word_1_401' title='bbox 864 3345 1084 3394; x_wconf 80' lang='grc' dir='ltr'>Ἐπιλάϊδος,</span> 
     </span>
    </p>
   </div>
   <div class='ocr_carea' id='block_1_3' title="bbox 2072 149 2142 181">
    <p class='ocr_par' dir='ltr' id='par_1_6' title="bbox 2072 149 2142 181">
     <span class='ocr_line' id='line_1_56' title="bbox 2072 149 2142 181; baseline -0.014 0"><span class='ocrx_word' id='word_1_402' title='bbox 2072 149 2142 181; x_wconf 81' lang='grc'><strong>147</strong></span> 
     </span>
    </p>
   </div>
   <div class='ocr_carea' id='block_1_4' title="bbox 1124 239 2149 349">
    <p class='ocr_par' dir='ltr' id='par_1_7' title="bbox 1124 239 2149 349">
     <span class='ocr_line' id='line_1_57' title="bbox 1171 239 2146 282; baseline 0 -11"><span class='ocrx_word' id='word_1_403' title='bbox 1171 239 1270 272; x_wconf 78' lang='lat' dir='ltr'><strong>³Hinc</strong></span> <span class='ocrx_word' id='word_1_404' title='bbox 1291 248 1403 277; x_wconf 87' lang='lat' dir='ltr'><strong>rursus</strong></span> <span class='ocrx_word' id='word_1_405' title='bbox 1429 240 1591 282; x_wconf 80' lang='lat' dir='ltr'><strong>profectus</strong></span> <span class='ocrx_word' id='word_1_406' title='bbox 1614 239 1753 281; x_wconf 84' lang='lat' dir='ltr'><strong>AEgimio</strong></span> <span class='ocrx_word' id='word_1_407' title='bbox 1767 239 1970 272; x_wconf 80' lang='lat' dir='ltr'><strong>Doriensium</strong></span> <span class='ocrx_word' id='word_1_408' title='bbox 1986 239 2050 281; x_wconf 86' lang='lat' dir='ltr'><strong>regi</strong></span> <span class='ocrx_word' id='word_1_409' title='bbox 2072 239 2146 271; x_wconf 88' lang='lat' dir='ltr'><strong>belli</strong></span> 
     </span>
     <span class='ocr_line' id='line_1_58' title="bbox 1124 307 2149 349; baseline 0.001 -10"><span class='ocrx_word' id='word_1_410' title='bbox 1124 307 1233 340; x_wconf 89' lang='lat' dir='ltr'><strong>socius</strong></span> <span class='ocrx_word' id='word_1_411' title='bbox 1249 308 1321 340; x_wconf 80' lang='lat' dir='ltr'><strong>ruit.</strong></span> <span class='ocrx_word' id='word_1_412' title='bbox 1341 308 1486 349; x_wconf 76' lang='lat' dir='ltr'>Lapithae</span> <span class='ocrx_word' id='word_1_413' title='bbox 1499 308 1586 340; x_wconf 89' lang='lat' dir='ltr'><strong>enim</strong></span> <span class='ocrx_word' id='word_1_414' title='bbox 1602 308 1643 340; x_wconf 87' lang='lat' dir='ltr'><strong>de</strong></span> <span class='ocrx_word' id='word_1_415' title='bbox 1664 309 1759 340; x_wconf 85' lang='lat' dir='ltr'><strong>terrae</strong></span> <span class='ocrx_word' id='word_1_416' title='bbox 1770 307 1890 340; x_wconf 84' lang='lat' dir='ltr'><strong>finibus</strong></span> <span class='ocrx_word' id='word_1_417' title='bbox 1915 315 1990 339; x_wconf 88' lang='lat' dir='ltr'><strong>cum</strong></span> <span class='ocrx_word' id='word_1_418' title='bbox 2005 316 2044 340; x_wconf 90' lang='lat' dir='ltr'><strong>eo</strong></span> <span class='ocrx_word' id='word_1_419' title='bbox 2063 307 2149 340; x_wconf 85' lang='lat' dir='ltr'><strong>belli-</strong></span> 
     </span>
    </p>
   </div>
   <div class='ocr_carea' id='block_1_5' title="bbox 1125 377 2149 419">
    <p class='ocr_par' dir='ltr' id='par_1_8' title="bbox 1125 377 2149 419">
     <span class='ocr_line' id='line_1_59' title="bbox 1125 377 2149 419; baseline 0.002 -11"><span class='ocrx_word' id='word_1_420' title='bbox 1125 377 1278 418; x_wconf 86' lang='lat' dir='ltr'><strong>gerabant</strong></span> <span class='ocrx_word' id='word_1_421' title='bbox 1295 377 1377 410; x_wconf 85' lang='lat' dir='ltr'><strong>duce</strong></span> <span class='ocrx_word' id='word_1_422' title='bbox 1391 379 1532 410; x_wconf 90' lang='lat' dir='ltr'><strong>Corono.</strong></span> <span class='ocrx_word' id='word_1_423' title='bbox 1553 378 1610 411; x_wconf 89' lang='lat' dir='ltr'><strong>Ille</strong></span> <span class='ocrx_word' id='word_1_424' title='bbox 1633 386 1711 411; x_wconf 84' lang='lat' dir='ltr'><strong>vero</strong></span> <span class='ocrx_word' id='word_1_425' title='bbox 1727 377 1899 410; x_wconf 81' lang='lat' dir='ltr'>obsidione</span> <span class='ocrx_word' id='word_1_426' title='bbox 1920 385 2051 419; x_wconf 84' lang='lat' dir='ltr'><strong>pressus</strong></span> <span class='ocrx_word' id='word_1_427' title='bbox 2073 379 2149 410; x_wconf 83' lang='lat' dir='ltr'><strong>Her-</strong></span> 
     </span>
    </p>
   </div>
   <div class='ocr_carea' id='block_1_6' title="bbox 1126 442 2158 1039">
    <p class='ocr_par' dir='ltr' id='par_1_9' title="bbox 1126 442 2151 628">
     <span class='ocr_line' id='line_1_60' title="bbox 1126 442 2149 487; baseline 0.003 -13"><span class='ocrx_word' id='word_1_428' title='bbox 1126 442 1243 484; x_wconf 91' lang='lat' dir='ltr'><strong>culem,</strong></span> <span class='ocrx_word' id='word_1_429' title='bbox 1259 444 1417 484; x_wconf 87' lang='lat' dir='ltr'><strong>promissa</strong></span> <span class='ocrx_word' id='word_1_430' title='bbox 1450 444 1538 486; x_wconf 87' lang='lat' dir='ltr'><strong>regni</strong></span> <span class='ocrx_word' id='word_1_431' title='bbox 1568 446 1669 487; x_wconf 88' lang='lat' dir='ltr'><strong>parte,</strong></span> <span class='ocrx_word' id='word_1_432' title='bbox 1688 444 1806 478; x_wconf 88' lang='lat' dir='ltr'><strong>auxilio</strong></span> <span class='ocrx_word' id='word_1_433' title='bbox 1834 444 2016 478; x_wconf 84' lang='lat' dir='ltr'><strong>advocavit.</strong></span> <span class='ocrx_word' id='word_1_434' title='bbox 2036 445 2149 486; x_wconf 91' lang='lat' dir='ltr'><strong>Opitu·</strong></span> 
     </span>
     <span class='ocr_line' id='line_1_61' title="bbox 1127 513 2151 558; baseline 0.005 -14"><span class='ocrx_word' id='word_1_435' title='bbox 1127 513 1212 545; x_wconf 84' lang='lat' dir='ltr'><strong>latus</strong></span> <span class='ocrx_word' id='word_1_436' title='bbox 1226 513 1324 555; x_wconf 86' lang='lat' dir='ltr'><strong>igitur</strong></span> <span class='ocrx_word' id='word_1_437' title='bbox 1335 516 1489 548; x_wconf 88' lang='lat' dir='ltr'><strong>Hercules</strong></span> <span class='ocrx_word' id='word_1_438' title='bbox 1499 517 1664 548; x_wconf 92' lang='lat' dir='ltr'><strong>Coronum</strong></span> <span class='ocrx_word' id='word_1_439' title='bbox 1679 525 1755 549; x_wconf 89' lang='lat' dir='ltr'><strong>cum</strong></span> <span class='ocrx_word' id='word_1_440' title='bbox 1783 515 1853 549; x_wconf 86' lang='lat' dir='ltr'><strong>aliis</strong></span> <span class='ocrx_word' id='word_1_441' title='bbox 1868 516 2040 556; x_wconf 82' lang='lat' dir='ltr'><strong>interemit,</strong></span> <span class='ocrx_word' id='word_1_442' title='bbox 2054 518 2151 558; x_wconf 89' lang='lat' dir='ltr'><strong>atque</strong></span> 
     </span>
     <span class='ocr_line' id='line_1_62' title="bbox 1129 584 1914 628; baseline 0.005 -13"><span class='ocrx_word' id='word_1_443' title='bbox 1129 585 1247 615; x_wconf 88' lang='lat' dir='ltr'><strong>terram</strong></span> <span class='ocrx_word' id='word_1_444' title='bbox 1262 584 1446 617; x_wconf 87' lang='lat' dir='ltr'><strong>universam</strong></span> <span class='ocrx_word' id='word_1_445' title='bbox 1461 585 1594 618; x_wconf 88' lang='lat' dir='ltr'><strong>liberam</strong></span> <span class='ocrx_word' id='word_1_446' title='bbox 1610 587 1749 628; x_wconf 85' lang='lat' dir='ltr'><strong>AEgimio</strong></span> <span class='ocrx_word' id='word_1_447' title='bbox 1764 586 1914 620; x_wconf 81' lang='lat' dir='ltr'><strong>restituit.</strong></span> 
     </span>
    </p>

    <p class='ocr_par' dir='ltr' id='par_1_10' title="bbox 1129 642 2158 1039">
     <span class='ocr_line' id='line_1_63' title="bbox 1169 642 2153 685; baseline 0.005 -14"><span class='ocrx_word' id='word_1_448' title='bbox 1169 642 1363 682; x_wconf 80' lang='lat' dir='ltr'><strong>⁴Laogoram</strong></span> <span class='ocrx_word' id='word_1_449' title='bbox 1377 651 1517 682; x_wconf 88' lang='lat' dir='ltr'><strong>quoque,</strong></span> <span class='ocrx_word' id='word_1_450' title='bbox 1540 645 1706 685; x_wconf 89' lang='lat' dir='ltr'><strong>Dryopum</strong></span> <span class='ocrx_word' id='word_1_451' title='bbox 1727 653 1843 685; x_wconf 84' lang='lat' dir='ltr'><strong>regem,</strong></span> <span class='ocrx_word' id='word_1_452' title='bbox 1859 645 1892 676; x_wconf 87' lang='lat' dir='ltr'><strong>in</strong></span> <span class='ocrx_word' id='word_1_453' title='bbox 1907 643 2063 685; x_wconf 85' lang='lat' dir='ltr'>Apollinis</span> <span class='ocrx_word' id='word_1_454' title='bbox 2079 644 2153 676; x_wconf 88' lang='lat' dir='ltr'><strong>luco</strong></span> 
     </span>
     <span class='ocr_line' id='line_1_64' title="bbox 1129 701 2152 746; baseline 0.003 -13"><span class='ocrx_word' id='word_1_455' title='bbox 1129 701 1311 743; x_wconf 80' lang='lat' dir='ltr'><strong>epulantem</strong></span> <span class='ocrx_word' id='word_1_456' title='bbox 1321 725 1330 740; x_wconf 94' lang='lat'><strong>,</strong></span> <span class='ocrx_word' id='word_1_457' title='bbox 1346 705 1383 733; x_wconf 89' lang='lat' dir='ltr'><strong>ut</strong></span> <span class='ocrx_word' id='word_1_458' title='bbox 1405 702 1511 734; x_wconf 89' lang='lat' dir='ltr'><strong>virum</strong></span> <span class='ocrx_word' id='word_1_459' title='bbox 1529 703 1720 736; x_wconf 71' lang='lat' dir='ltr'><strong>insolentem</strong></span> <span class='ocrx_word' id='word_1_460' title='bbox 1732 707 1763 736; x_wconf 91' lang='lat' dir='ltr'><strong>et</strong></span> <span class='ocrx_word' id='word_1_461' title='bbox 1778 704 1987 746; x_wconf 80' lang='lat' dir='ltr'><strong>Lapitharum</strong></span> <span class='ocrx_word' id='word_1_462' title='bbox 2006 704 2130 737; x_wconf 85' lang='lat' dir='ltr'><strong>socium</strong></span> <span class='ocrx_word' id='word_1_463' title='bbox 2143 727 2152 743; x_wconf 92' lang='lat'><strong>,</strong></span> 
     </span>
     <span class='ocr_line' id='line_1_65' title="bbox 1131 759 2153 803; baseline 0.005 -12"><span class='ocrx_word' id='word_1_464' title='bbox 1131 768 1206 792; x_wconf 89' lang='lat' dir='ltr'><strong>cum</strong></span> <span class='ocrx_word' id='word_1_465' title='bbox 1226 759 1299 791; x_wconf 82' lang='lat' dir='ltr'><strong>filiis</strong></span> <span class='ocrx_word' id='word_1_466' title='bbox 1323 760 1450 792; x_wconf 87' lang='lat' dir='ltr'><strong>occidit.</strong></span> <span class='ocrx_word' id='word_1_467' title='bbox 1476 765 1490 783; x_wconf 62' lang='grc' dir='ltr'><strong>ὅ</strong></span> <span class='ocrx_word' id='word_1_468' title='bbox 1504 761 1626 794; x_wconf 80' lang='lat' dir='ltr'><strong>Deinde</strong></span> <span class='ocrx_word' id='word_1_469' title='bbox 1641 771 1696 803; x_wconf 89' lang='lat' dir='ltr'><strong>per</strong></span> <span class='ocrx_word' id='word_1_470' title='bbox 1711 764 1840 795; x_wconf 91' lang='lat' dir='ltr'><strong>Itonum</strong></span> <span class='ocrx_word' id='word_1_471' title='bbox 1855 763 1915 795; x_wconf 87' lang='lat' dir='ltr'><strong>iter</strong></span> <span class='ocrx_word' id='word_1_472' title='bbox 1934 763 2101 796; x_wconf 74' lang='lat' dir='ltr'>facientem</span> <span class='ocrx_word' id='word_1_473' title='bbox 2121 763 2153 795; x_wconf 90' lang='lat' dir='ltr'><strong>in</strong></span> 
     </span>
     <span class='ocr_line' id='line_1_66' title="bbox 1133 817 2156 862; baseline 0.005 -12"><span class='ocrx_word' id='word_1_474' title='bbox 1133 817 1294 859; x_wconf 86' lang='lat' dir='ltr'><strong>singulare</strong></span> <span class='ocrx_word' id='word_1_475' title='bbox 1313 821 1476 851; x_wconf 88' lang='lat' dir='ltr'><strong>certamen</strong></span> <span class='ocrx_word' id='word_1_476' title='bbox 1504 821 1694 860; x_wconf 84' lang='lat' dir='ltr'><strong>provocavit</strong></span> <span class='ocrx_word' id='word_1_477' title='bbox 1721 824 1871 862; x_wconf 87' lang='lat' dir='ltr'><strong>Cycnus,</strong></span> <span class='ocrx_word' id='word_1_478' title='bbox 1888 823 1999 854; x_wconf 90' lang='lat' dir='ltr'><strong>Martis</strong></span> <span class='ocrx_word' id='word_1_479' title='bbox 2024 822 2109 855; x_wconf 85' lang='lat' dir='ltr'><strong>filius</strong></span> <span class='ocrx_word' id='word_1_480' title='bbox 2124 825 2156 855; x_wconf 86' lang='lat' dir='ltr'><strong>et</strong></span> 
     </span>
     <span class='ocr_line' id='line_1_67' title="bbox 1132 875 2156 920; baseline 0.004 -13"><span class='ocrx_word' id='word_1_481' title='bbox 1132 875 1282 917; x_wconf 83' lang='lat' dir='ltr'><strong>Pelopiae.</strong></span> <span class='ocrx_word' id='word_1_482' title='bbox 1294 877 1495 917; x_wconf 81' lang='lat' dir='ltr'><strong>congressus</strong></span> <span class='ocrx_word' id='word_1_483' title='bbox 1506 876 1600 917; x_wconf 83' lang='lat' dir='ltr'><strong>igitur</strong></span> <span class='ocrx_word' id='word_1_484' title='bbox 1614 877 1700 909; x_wconf 88' lang='lat' dir='ltr'><strong>hunc</strong></span> <span class='ocrx_word' id='word_1_485' title='bbox 1709 887 1839 920; x_wconf 87' lang='lat' dir='ltr'><strong>qnoque</strong></span> <span class='ocrx_word' id='word_1_486' title='bbox 1854 879 2022 912; x_wconf 79' lang='lat' dir='ltr'>interfecit.</span> <span class='ocrx_word' id='word_1_487' title='bbox 2035 882 2094 913; x_wconf 81' lang='lat' dir='ltr'><strong>⁶Ut</strong></span> <span class='ocrx_word' id='word_1_488' title='bbox 2102 888 2156 912; x_wconf 89' lang='lat' dir='ltr'><strong>au·</strong></span> 
     </span>
     <span class='ocr_line' id='line_1_68' title="bbox 1134 928 2157 977; baseline 0.003 -10"><span class='ocrx_word' id='word_1_489' title='bbox 1134 937 1199 967; x_wconf 86' lang='lat' dir='ltr'><strong>tem</strong></span> <span class='ocrx_word' id='word_1_490' title='bbox 1215 928 1405 968; x_wconf 83' lang='lat' dir='ltr'><strong>Ormenium</strong></span> <span class='ocrx_word' id='word_1_491' title='bbox 1419 935 1518 975; x_wconf 78' lang='lat' dir='ltr'><strong>venit,</strong></span> <span class='ocrx_word' id='word_1_492' title='bbox 1538 944 1594 968; x_wconf 89' lang='lat' dir='ltr'><strong>rex</strong></span> <span class='ocrx_word' id='word_1_493' title='bbox 1607 938 1763 977; x_wconf 80' lang='lat' dir='ltr'><strong>Amyntor</strong></span> <span class='ocrx_word' id='word_1_494' title='bbox 1775 946 1850 971; x_wconf 91' lang='lat' dir='ltr'><strong>cum</strong></span> <span class='ocrx_word' id='word_1_495' title='bbox 1864 939 1961 970; x_wconf 87' lang='lat' dir='ltr'><strong>armis</strong></span> <span class='ocrx_word' id='word_1_496' title='bbox 1970 948 2043 971; x_wconf 88' lang='lat' dir='ltr'><strong>eum</strong></span> <span class='ocrx_word' id='word_1_497' title='bbox 2058 940 2157 971; x_wconf 90' lang='lat' dir='ltr'><strong>trans·</strong></span> 
     </span>
     <span class='ocr_line' id='line_1_69' title="bbox 1134 994 2158 1039; baseline 0.004 -13"><span class='ocrx_word' id='word_1_498' title='bbox 1134 994 1180 1026; x_wconf 91' lang='lat' dir='ltr'><strong>ire</strong></span> <span class='ocrx_word' id='word_1_499' title='bbox 1196 995 1312 1027; x_wconf 88' lang='lat' dir='ltr'><strong>vetuit.</strong></span> <span class='ocrx_word' id='word_1_500' title='bbox 1336 996 1447 1033; x_wconf 91' lang='lat' dir='ltr'><strong>Quum</strong></span> <span class='ocrx_word' id='word_1_501' title='bbox 1462 995 1508 1027; x_wconf 86' lang='lat' dir='ltr'><strong>ita</strong></span> <span class='ocrx_word' id='word_1_502' title='bbox 1529 1003 1547 1026; x_wconf 94' lang='lat' dir='ltr'><strong>a</strong></span> <span class='ocrx_word' id='word_1_503' title='bbox 1567 996 1704 1028; x_wconf 86' lang='lat' dir='ltr'><strong>transitu</strong></span> <span class='ocrx_word' id='word_1_504' title='bbox 1723 996 1956 1037; x_wconf 84' lang='lat' dir='ltr'><strong>prohiberetur,</strong></span> <span class='ocrx_word' id='word_1_505' title='bbox 1973 998 2060 1030; x_wconf 86' lang='lat' dir='ltr'><strong>hunc</strong></span> <span class='ocrx_word' id='word_1_506' title='bbox 2076 1007 2158 1039; x_wconf 89' lang='lat' dir='ltr'><strong>quo-</strong></span> 
     </span>
    </p>
   </div>
   <div class='ocr_carea' id='block_1_7' title="bbox 1134 1053 2169 3020">
    <p class='ocr_par' dir='ltr' id='par_1_11' title="bbox 1134 1053 1344 1095">
     <span class='ocr_line' id='line_1_70' title="bbox 1134 1053 1344 1095; baseline 0 -10"><span class='ocrx_word' id='word_1_507' title='bbox 1134 1062 1199 1095; x_wconf 91' lang='lat' dir='ltr'><strong>que</strong></span> <span class='ocrx_word' id='word_1_508' title='bbox 1213 1053 1344 1086; x_wconf 90' lang='lat' dir='ltr'><strong>occidit.</strong></span> 
     </span>
    </p>

    <p class='ocr_par' dir='ltr' id='par_1_12' title="bbox 1137 1113 2169 3020">
     <span class='ocr_line' id='line_1_71' title="bbox 1177 1113 2160 1155; baseline 0.005 -11"><span class='ocrx_word' id='word_1_509' title='bbox 1177 1114 1302 1150; x_wconf 81' lang='lat' dir='ltr'><strong>⁷Quum</strong></span> <span class='ocrx_word' id='word_1_510' title='bbox 1314 1113 1503 1146; x_wconf 85' lang='lat' dir='ltr'><strong>Trachinem</strong></span> <span class='ocrx_word' id='word_1_511' title='bbox 1516 1113 1667 1153; x_wconf 88' lang='lat' dir='ltr'><strong>venisset,</strong></span> <span class='ocrx_word' id='word_1_512' title='bbox 1676 1115 1713 1145; x_wconf 90' lang='lat' dir='ltr'><strong>ut</strong></span> <span class='ocrx_word' id='word_1_513' title='bbox 1725 1113 1759 1145; x_wconf 91' lang='lat' dir='ltr'><strong>in</strong></span> <span class='ocrx_word' id='word_1_514' title='bbox 1767 1116 1926 1155; x_wconf 82' lang='lat' dir='ltr'><strong>Eurytum</strong></span> <span class='ocrx_word' id='word_1_515' title='bbox 1936 1116 2160 1149; x_wconf 88' lang='lat' dir='ltr'><strong>animadverte·</strong></span> 
     </span>
     <span class='ocr_line' id='line_1_72' title="bbox 1137 1178 2161 1221; baseline 0.002 -10"><span class='ocrx_word' id='word_1_516' title='bbox 1137 1180 1204 1219; x_wconf 87' lang='lat' dir='ltr'><strong>ret,</strong></span> <span class='ocrx_word' id='word_1_517' title='bbox 1218 1181 1330 1213; x_wconf 89' lang='lat' dir='ltr'><strong>contra</strong></span> <span class='ocrx_word' id='word_1_518' title='bbox 1344 1179 1534 1212; x_wconf 64' lang='lat' dir='ltr'><strong>,OEchaliam</strong></span> <span class='ocrx_word' id='word_1_519' title='bbox 1561 1178 1690 1220; x_wconf 78' lang='lat' dir='ltr'><strong>collegit</strong></span> <span class='ocrx_word' id='word_1_520' title='bbox 1715 1179 1906 1211; x_wconf 88' lang='lat' dir='ltr'><strong>exercitum.</strong></span> <span class='ocrx_word' id='word_1_521' title='bbox 1927 1181 2029 1221; x_wconf 85' lang='lat' dir='ltr'><strong>Igitur</strong></span> <span class='ocrx_word' id='word_1_522' title='bbox 2050 1181 2161 1214; x_wconf 85' lang='lat' dir='ltr'><strong>accitis</strong></span> 
     </span>
     <span class='ocr_line' id='line_1_73' title="bbox 1139 1242 2162 1282; baseline 0.001 -8"><span class='ocrx_word' id='word_1_523' title='bbox 1139 1242 1235 1274; x_wconf 90' lang='lat' dir='ltr'><strong>sociis</strong></span> <span class='ocrx_word' id='word_1_524' title='bbox 1265 1242 1446 1275; x_wconf 84' lang='lat' dir='ltr'><strong>Arcadibus</strong></span> <span class='ocrx_word' id='word_1_525' title='bbox 1464 1244 1496 1274; x_wconf 89' lang='lat' dir='ltr'><strong>et</strong></span> <span class='ocrx_word' id='word_1_526' title='bbox 1516 1251 1558 1274; x_wconf 87' lang='lat' dir='ltr'><strong>ex</strong></span> <span class='ocrx_word' id='word_1_527' title='bbox 1580 1242 1739 1274; x_wconf 82' lang='lat' dir='ltr'><strong>Trachine</strong></span> <span class='ocrx_word' id='word_1_528' title='bbox 1759 1242 1986 1282; x_wconf 84' lang='lat' dir='ltr'><strong>Meliensibus,</strong></span> <span class='ocrx_word' id='word_1_529' title='bbox 2017 1252 2076 1275; x_wconf 90' lang='lat' dir='ltr'><strong>nec</strong></span> <span class='ocrx_word' id='word_1_530' title='bbox 2096 1252 2162 1275; x_wconf 88' lang='lat' dir='ltr'><strong>non</strong></span> 
     </span>
     <span class='ocr_line' id='line_1_74' title="bbox 1138 1305 2161 1348; baseline 0 -10"><span class='ocrx_word' id='word_1_531' title='bbox 1138 1307 1249 1339; x_wconf 89' lang='lat' dir='ltr'><strong>Locris</strong></span> <span class='ocrx_word' id='word_1_532' title='bbox 1272 1306 1521 1347; x_wconf 89' lang='lat' dir='ltr'><strong>Epicnemidiis,</strong></span> <span class='ocrx_word' id='word_1_533' title='bbox 1539 1305 1709 1338; x_wconf 85' lang='lat' dir='ltr'><strong>interfecto</strong></span> <span class='ocrx_word' id='word_1_534' title='bbox 1738 1315 1803 1338; x_wconf 89' lang='lat' dir='ltr'><strong>una</strong></span> <span class='ocrx_word' id='word_1_535' title='bbox 1823 1315 1897 1338; x_wconf 88' lang='lat' dir='ltr'><strong>cum</strong></span> <span class='ocrx_word' id='word_1_536' title='bbox 1919 1306 1993 1338; x_wconf 85' lang='lat' dir='ltr'><strong>filiis</strong></span> <span class='ocrx_word' id='word_1_537' title='bbox 2017 1309 2161 1348; x_wconf 80' lang='lat' dir='ltr'><strong>Euryto,</strong></span> 
     </span>
     <span class='ocr_line' id='line_1_75' title="bbox 1140 1370 2163 1414; baseline -0.001 -11"><span class='ocrx_word' id='word_1_538' title='bbox 1140 1371 1251 1403; x_wconf 92' lang='lat' dir='ltr'><strong>urbem</strong></span> <span class='ocrx_word' id='word_1_539' title='bbox 1265 1370 1473 1413; x_wconf 77' lang='lat' dir='ltr'><strong>expugnavit.</strong></span> <span class='ocrx_word' id='word_1_540' title='bbox 1484 1370 1640 1414; x_wconf 78' lang='lat' dir='ltr'><strong>³Sepultis</strong></span> <span class='ocrx_word' id='word_1_541' title='bbox 1649 1370 1765 1403; x_wconf 80' lang='lat' dir='ltr'><strong>deinde</strong></span> <span class='ocrx_word' id='word_1_542' title='bbox 1774 1370 2058 1410; x_wconf 81' lang='lat' dir='ltr'><strong>commilitonibus,</strong></span> <span class='ocrx_word' id='word_1_543' title='bbox 2068 1371 2123 1412; x_wconf 90' lang='lat' dir='ltr'><strong>qui</strong></span> <span class='ocrx_word' id='word_1_544' title='bbox 2134 1371 2163 1402; x_wconf 88' lang='lat' dir='ltr'><strong>in</strong></span> 
     </span>
     <span class='ocr_line' id='line_1_76' title="bbox 1139 1424 2165 1477; baseline -0.002 -10"><span class='ocrx_word' id='word_1_545' title='bbox 1139 1443 1248 1477; x_wconf 80' lang='lat' dir='ltr'><strong>pugna</strong></span> <span class='ocrx_word' id='word_1_546' title='bbox 1261 1435 1431 1477; x_wconf 89' lang='lat' dir='ltr'><strong>perierant,</strong></span> <span class='ocrx_word' id='word_1_547' title='bbox 1453 1434 1596 1475; x_wconf 87' lang='lat' dir='ltr'><strong>Hippaso</strong></span> <span class='ocrx_word' id='word_1_548' title='bbox 1613 1434 1727 1475; x_wconf 84' lang='lat' dir='ltr'><strong>Ceycis</strong></span> <span class='ocrx_word' id='word_1_549' title='bbox 1739 1457 1748 1473; x_wconf 96' lang='lat'><strong>,</strong></span> <span class='ocrx_word' id='word_1_550' title='bbox 1765 1436 1797 1466; x_wconf 89' lang='lat' dir='ltr'><strong>et</strong></span> <span class='ocrx_word' id='word_1_551' title='bbox 1812 1434 1909 1475; x_wconf 83' lang='lat' dir='ltr'><strong>Argio</strong></span> <span class='ocrx_word' id='word_1_552' title='bbox 1930 1424 1963 1467; x_wconf 83' lang='lat' dir='ltr'><strong>et</strong></span> <span class='ocrx_word' id='word_1_553' title='bbox 1978 1434 2100 1466; x_wconf 87' lang='lat' dir='ltr'><strong>Melane</strong></span> <span class='ocrx_word' id='word_1_554' title='bbox 2115 1435 2165 1466; x_wconf 90' lang='lat' dir='ltr'><strong>Li-</strong></span> 
     </span>
     <span class='ocr_line' id='line_1_77' title="bbox 1140 1499 2167 1542; baseline -0.003 -9"><span class='ocrx_word' id='word_1_555' title='bbox 1140 1499 1260 1542; x_wconf 88' lang='lat' dir='ltr'><strong>cymnii</strong></span> <span class='ocrx_word' id='word_1_556' title='bbox 1280 1499 1365 1540; x_wconf 83' lang='lat' dir='ltr'><strong>filiis,</strong></span> <span class='ocrx_word' id='word_1_557' title='bbox 1381 1509 1419 1532; x_wconf 88' lang='lat' dir='ltr'><strong>ac</strong></span> <span class='ocrx_word' id='word_1_558' title='bbox 1433 1500 1556 1541; x_wconf 89' lang='lat' dir='ltr'><strong>direpta</strong></span> <span class='ocrx_word' id='word_1_559' title='bbox 1571 1500 1659 1540; x_wconf 90' lang='lat' dir='ltr'><strong>urbe,</strong></span> <span class='ocrx_word' id='word_1_560' title='bbox 1677 1500 1765 1532; x_wconf 89' lang='lat' dir='ltr'><strong>Iolen</strong></span> <span class='ocrx_word' id='word_1_561' title='bbox 1781 1499 1941 1541; x_wconf 88' lang='lat' dir='ltr'><strong>captivam</strong></span> <span class='ocrx_word' id='word_1_562' title='bbox 1957 1499 2103 1539; x_wconf 80' lang='lat' dir='ltr'><strong>abduxit,</strong></span> <span class='ocrx_word' id='word_1_563' title='bbox 2121 1501 2167 1531; x_wconf 81' lang='lat' dir='ltr'><strong>⁹et</strong></span> 
     </span>
     <span class='ocr_line' id='line_1_78' title="bbox 1142 1563 2166 1605; baseline -0.002 -9"><span class='ocrx_word' id='word_1_564' title='bbox 1142 1564 1175 1596; x_wconf 87' lang='lat' dir='ltr'><strong>in</strong></span> <span class='ocrx_word' id='word_1_565' title='bbox 1189 1567 1344 1598; x_wconf 82' lang='lat' dir='ltr'><strong>Cenaeum</strong></span> <span class='ocrx_word' id='word_1_566' title='bbox 1355 1563 1488 1596; x_wconf 81' lang='lat' dir='ltr'><strong>Euboeae</strong></span> <span class='ocrx_word' id='word_1_567' title='bbox 1500 1564 1758 1605; x_wconf 84' lang='lat' dir='ltr'><strong>promontorium</strong></span> <span class='ocrx_word' id='word_1_568' title='bbox 1773 1563 1938 1605; x_wconf 83' lang='lat' dir='ltr'><strong>appulsus,</strong></span> <span class='ocrx_word' id='word_1_569' title='bbox 1954 1565 1972 1595; x_wconf 93' lang='lat' dir='ltr'>J</span> <span class='ocrx_word' id='word_1_570' title='bbox 1975 1563 2046 1595; x_wconf 90' lang='lat' dir='ltr'><strong>ovis</strong></span> <span class='ocrx_word' id='word_1_571' title='bbox 2059 1563 2166 1596; x_wconf 78' lang='lat' dir='ltr'><strong>Cenaei</strong></span> 
     </span>
     <span class='ocr_line' id='line_1_79' title="bbox 1140 1611 2169 1668; baseline -0.002 -8"><span class='ocrx_word' id='word_1_572' title='bbox 1140 1637 1231 1660; x_wconf 89' lang='lat' dir='ltr'><strong>aram</strong></span> <span class='ocrx_word' id='word_1_573' title='bbox 1243 1628 1454 1660; x_wconf 84' lang='lat' dir='ltr'><strong>consecravit.</strong></span> <span class='ocrx_word' id='word_1_574' title='bbox 1466 1629 1590 1660; x_wconf 81' lang='lat' dir='ltr'><strong>¹⁰Sacra</strong></span> <span class='ocrx_word' id='word_1_575' title='bbox 1602 1636 1679 1660; x_wconf 85' lang='lat' dir='ltr'><strong>vero</strong></span> <span class='ocrx_word' id='word_1_576' title='bbox 1693 1611 1864 1668; x_wconf 83' lang='lat' dir='ltr'><strong>paraturus</strong></span> <span class='ocrx_word' id='word_1_577' title='bbox 1874 1627 2063 1659; x_wconf 83' lang='lat' dir='ltr'><strong>Trachinem</strong></span> <span class='ocrx_word' id='word_1_578' title='bbox 2079 1627 2169 1659; x_wconf 87' lang='lat' dir='ltr'><strong>misit</strong></span> 
     </span>
     <span class='ocr_line' id='line_1_80' title="bbox 1142 1691 2167 1735; baseline -0.002 -9"><span class='ocrx_word' id='word_1_579' title='bbox 1142 1693 1275 1726; x_wconf 88' lang='lat' dir='ltr'><strong>Licham</strong></span> <span class='ocrx_word' id='word_1_580' title='bbox 1281 1701 1475 1735; x_wconf 83' lang='lat' dir='ltr'><strong>praeconem,</strong></span> <span class='ocrx_word' id='word_1_581' title='bbox 1488 1693 1545 1734; x_wconf 90' lang='lat' dir='ltr'><strong>qui</strong></span> <span class='ocrx_word' id='word_1_582' title='bbox 1560 1691 1762 1733; x_wconf 86' lang='lat' dir='ltr'><strong>splendidam</strong></span> <span class='ocrx_word' id='word_1_583' title='bbox 1777 1692 1841 1724; x_wconf 89' lang='lat' dir='ltr'><strong>sibi</strong></span> <span class='ocrx_word' id='word_1_584' title='bbox 1851 1693 1974 1725; x_wconf 82' lang='lat' dir='ltr'><strong>vestem</strong></span> <span class='ocrx_word' id='word_1_585' title='bbox 1987 1692 2126 1724; x_wconf 77' lang='lat' dir='ltr'><strong>afferret.</strong></span> <span class='ocrx_word' id='word_1_586' title='bbox 2142 1695 2167 1724; x_wconf 89' lang='lat' dir='ltr'><strong>A</strong></span> 
     </span>
     <span class='ocr_line' id='line_1_81' title="bbox 1142 1755 2169 1799; baseline -0.003 -9"><span class='ocrx_word' id='word_1_587' title='bbox 1142 1766 1209 1798; x_wconf 88' lang='lat' dir='ltr'><strong>quo</strong></span> <span class='ocrx_word' id='word_1_588' title='bbox 1224 1757 1281 1790; x_wconf 91' lang='lat' dir='ltr'><strong>ubi</strong></span> <span class='ocrx_word' id='word_1_589' title='bbox 1296 1766 1370 1799; x_wconf 80' lang='lat' dir='ltr'><strong>quoe</strong></span> <span class='ocrx_word' id='word_1_590' title='bbox 1380 1757 1420 1790; x_wconf 90' lang='lat' dir='ltr'><strong>de</strong></span> <span class='ocrx_word' id='word_1_591' title='bbox 1428 1757 1494 1789; x_wconf 91' lang='lat' dir='ltr'><strong>Iole</strong></span> <span class='ocrx_word' id='word_1_592' title='bbox 1503 1756 1685 1789; x_wconf 88' lang='lat' dir='ltr'><strong>acciderant</strong></span> <span class='ocrx_word' id='word_1_593' title='bbox 1700 1756 1850 1789; x_wconf 83' lang='lat' dir='ltr'><strong>Deianira</strong></span> <span class='ocrx_word' id='word_1_594' title='bbox 1860 1756 2012 1799; x_wconf 84' lang='lat' dir='ltr'><strong>percepit,</strong></span> <span class='ocrx_word' id='word_1_595' title='bbox 2019 1755 2169 1788; x_wconf 86' lang='lat' dir='ltr'><strong>veritane</strong></span> 
     </span>
     <span class='ocr_line' id='line_1_82' title="bbox 1143 1819 2168 1862; baseline -0.003 -9"><span class='ocrx_word' id='word_1_596' title='bbox 1143 1821 1232 1854; x_wconf 91' lang='lat' dir='ltr'><strong>illam</strong></span> <span class='ocrx_word' id='word_1_597' title='bbox 1248 1823 1352 1862; x_wconf 88' lang='lat' dir='ltr'><strong>magis</strong></span> <span class='ocrx_word' id='word_1_598' title='bbox 1367 1823 1490 1854; x_wconf 88' lang='lat' dir='ltr'><strong>amaret</strong></span> <span class='ocrx_word' id='word_1_599' title='bbox 1500 1843 1510 1860; x_wconf 91' lang='lat'><strong>,</strong></span> <span class='ocrx_word' id='word_1_600' title='bbox 1525 1819 1631 1853; x_wconf 78' lang='lat' dir='ltr'><strong>effuso</strong></span> <span class='ocrx_word' id='word_1_601' title='bbox 1646 1819 1739 1852; x_wconf 84' lang='lat' dir='ltr'><strong>Nessi</strong></span> <span class='ocrx_word' id='word_1_602' title='bbox 1758 1821 1914 1860; x_wconf 86' lang='lat' dir='ltr'><strong>sanguine</strong></span> <span class='ocrx_word' id='word_1_603' title='bbox 1924 1843 1933 1859; x_wconf 89' lang='lat'><strong>,</strong></span> <span class='ocrx_word' id='word_1_604' title='bbox 1951 1819 2039 1861; x_wconf 86' lang='lat' dir='ltr'><strong>quod</strong></span> <span class='ocrx_word' id='word_1_605' title='bbox 2055 1827 2168 1851; x_wconf 86' lang='lat' dir='ltr'><strong>verum</strong></span> 
     </span>
     <span class='ocr_line' id='line_1_83' title="bbox 1143 1883 2169 1927; baseline -0.003 -9"><span class='ocrx_word' id='word_1_606' title='bbox 1143 1894 1214 1918; x_wconf 87' lang='lat' dir='ltr'><strong>esse</strong></span> <span class='ocrx_word' id='word_1_607' title='bbox 1228 1885 1386 1927; x_wconf 89' lang='lat' dir='ltr'><strong>philtrum</strong></span> <span class='ocrx_word' id='word_1_608' title='bbox 1404 1884 1636 1924; x_wconf 83' lang='lat' dir='ltr'><strong>arbitrabatur,</strong></span> <span class='ocrx_word' id='word_1_609' title='bbox 1653 1883 1796 1916; x_wconf 85' lang='lat' dir='ltr'><strong>tunicam</strong></span> <span class='ocrx_word' id='word_1_610' title='bbox 1810 1883 1974 1926; x_wconf 86' lang='lat' dir='ltr'><strong>perunxit.</strong></span> <span class='ocrx_word' id='word_1_611' title='bbox 1992 1884 2064 1921; x_wconf 84' lang='lat' dir='ltr'><strong>Qua</strong></span> <span class='ocrx_word' id='word_1_612' title='bbox 2080 1883 2169 1915; x_wconf 76' lang='lat' dir='ltr'><strong>indu-</strong></span> 
     </span>
     <span class='ocr_line' id='line_1_84' title="bbox 1145 1949 2168 1992; baseline -0.003 -8"><span class='ocrx_word' id='word_1_613' title='bbox 1145 1954 1197 1984; x_wconf 89' lang='lat' dir='ltr'><strong>tus</strong></span> <span class='ocrx_word' id='word_1_614' title='bbox 1210 1951 1364 1984; x_wconf 88' lang='lat' dir='ltr'><strong>Hercules</strong></span> <span class='ocrx_word' id='word_1_615' title='bbox 1383 1950 1584 1984; x_wconf 82' lang='lat' dir='ltr'><strong>sacrificavit.</strong></span> <span class='ocrx_word' id='word_1_616' title='bbox 1604 1950 1701 1983; x_wconf 88' lang='lat' dir='ltr'><strong>¹¹Sed</strong></span> <span class='ocrx_word' id='word_1_617' title='bbox 1712 1959 1813 1992; x_wconf 90' lang='lat' dir='ltr'><strong>quum</strong></span> <span class='ocrx_word' id='word_1_618' title='bbox 1829 1949 1939 1982; x_wconf 85' lang='lat' dir='ltr'><strong>tunica</strong></span> <span class='ocrx_word' id='word_1_619' title='bbox 1959 1949 2145 1982; x_wconf 88' lang='lat' dir='ltr'><strong>incaluisset</strong></span> <span class='ocrx_word' id='word_1_620' title='bbox 2159 1973 2168 1988; x_wconf 94' lang='lat'><strong>,</strong></span> 
     </span>
     <span class='ocr_line' id='line_1_85' title="bbox 1146 2012 2169 2056; baseline -0.003 -9"><span class='ocrx_word' id='word_1_621' title='bbox 1146 2015 1265 2056; x_wconf 81' lang='lat' dir='ltr'><strong>hydrae</strong></span> <span class='ocrx_word' id='word_1_622' title='bbox 1279 2024 1441 2048; x_wconf 77' lang='lat' dir='ltr'><strong>venenum</strong></span> <span class='ocrx_word' id='word_1_623' title='bbox 1458 2018 1565 2047; x_wconf 88' lang='lat' dir='ltr'><strong>cutem</strong></span> <span class='ocrx_word' id='word_1_624' title='bbox 1581 2014 1762 2056; x_wconf 81' lang='lat' dir='ltr'><strong>putrefecit.</strong></span> <span class='ocrx_word' id='word_1_625' title='bbox 1777 2015 1860 2046; x_wconf 91' lang='lat' dir='ltr'><strong>Tum</strong></span> <span class='ocrx_word' id='word_1_626' title='bbox 1877 2012 2011 2045; x_wconf 86' lang='lat' dir='ltr'><strong>Licham</strong></span> <span class='ocrx_word' id='word_1_627' title='bbox 2032 2012 2169 2054; x_wconf 85' lang='lat' dir='ltr'><strong>pedibus</strong></span> 
     </span>
     <span class='ocr_line' id='line_1_86' title="bbox 1145 2075 2167 2121; baseline -0.007 -9"><span class='ocrx_word' id='word_1_628' title='bbox 1145 2082 1329 2121; x_wconf 86' lang='lat' dir='ltr'><strong>correptum</strong></span> <span class='ocrx_word' id='word_1_629' title='bbox 1350 2079 1382 2120; x_wconf 90' lang='lat' dir='ltr'><strong>(a</strong></span> <span class='ocrx_word' id='word_1_630' title='bbox 1404 2078 1528 2111; x_wconf 88' lang='lat' dir='ltr'><strong>Boeotia</strong></span> <span class='ocrx_word' id='word_1_631' title='bbox 1543 2078 1575 2109; x_wconf 90' lang='lat' dir='ltr'><strong>in</strong></span> <span class='ocrx_word' id='word_1_632' title='bbox 1597 2076 1780 2110; x_wconf 88' lang='lat' dir='ltr'><strong>Euboicum</strong></span> <span class='ocrx_word' id='word_1_633' title='bbox 1799 2076 1900 2117; x_wconf 89' lang='lat' dir='ltr'><strong>mare)</strong></span> <span class='ocrx_word' id='word_1_634' title='bbox 1924 2075 2085 2117; x_wconf 84' lang='lat' dir='ltr'><strong>jaculatus</strong></span> <span class='ocrx_word' id='word_1_635' title='bbox 2101 2075 2167 2113; x_wconf 86' lang='lat' dir='ltr'><strong>est;</strong></span> 
     </span>
     <span class='ocr_line' id='line_1_87' title="bbox 1144 2137 2169 2182; baseline -0.009 -6"><span class='ocrx_word' id='word_1_636' title='bbox 1144 2144 1289 2177; x_wconf 85' lang='lat' dir='ltr'><strong>tunicam</strong></span> <span class='ocrx_word' id='word_1_637' title='bbox 1305 2151 1393 2182; x_wconf 83' lang='lat' dir='ltr'><strong>vero,</strong></span> <span class='ocrx_word' id='word_1_638' title='bbox 1411 2150 1484 2182; x_wconf 87' lang='lat' dir='ltr'><strong>quae</strong></span> <span class='ocrx_word' id='word_1_639' title='bbox 1499 2139 1624 2181; x_wconf 85' lang='lat' dir='ltr'><strong>corpori</strong></span> <span class='ocrx_word' id='word_1_640' title='bbox 1645 2138 1886 2178; x_wconf 81' lang='lat' dir='ltr'><strong>inhaerescebat‚</strong></span> <span class='ocrx_word' id='word_1_641' title='bbox 1903 2137 2073 2169; x_wconf 86' lang='lat' dir='ltr'><strong>detrahens</strong></span> <span class='ocrx_word' id='word_1_642' title='bbox 2103 2145 2169 2167; x_wconf 84' lang='lat' dir='ltr'><strong>car-</strong></span> 
     </span>
     <span class='ocr_line' id='line_1_88' title="bbox 1145 2199 2169 2245; baseline -0.011 -4"><span class='ocrx_word' id='word_1_643' title='bbox 1145 2217 1201 2241; x_wconf 63' lang='lat' dir='ltr'><strong>11ae</strong></span> <span class='ocrx_word' id='word_1_644' title='bbox 1216 2208 1313 2240; x_wconf 90' lang='lat' dir='ltr'><strong>simul</strong></span> <span class='ocrx_word' id='word_1_645' title='bbox 1329 2206 1458 2239; x_wconf 89' lang='lat' dir='ltr'><strong>avulsit.</strong></span> <span class='ocrx_word' id='word_1_646' title='bbox 1481 2209 1507 2228; x_wconf 80' lang='lat'><strong>¹2</strong></span> <span class='ocrx_word' id='word_1_647' title='bbox 1514 2206 1616 2238; x_wconf 88' lang='lat' dir='ltr'><strong>Tanta</strong></span> <span class='ocrx_word' id='word_1_648' title='bbox 1632 2204 1728 2245; x_wconf 88' lang='lat' dir='ltr'><strong>igitur</strong></span> <span class='ocrx_word' id='word_1_649' title='bbox 1737 2202 1916 2236; x_wconf 84' lang='lat' dir='ltr'><strong>calamitate</strong></span> <span class='ocrx_word' id='word_1_650' title='bbox 1924 2200 2075 2233; x_wconf 87' lang='lat' dir='ltr'><strong>Hercules</strong></span> <span class='ocrx_word' id='word_1_651' title='bbox 2088 2199 2169 2231; x_wconf 88' lang='lat' dir='ltr'><strong>labo-</strong></span> 
     </span>
     <span class='ocr_line' id='line_1_89' title="bbox 1145 2266 2168 2314; baseline -0.011 -8"><span class='ocrx_word' id='word_1_652' title='bbox 1145 2283 1232 2314; x_wconf 90' lang='lat' dir='ltr'><strong>rans,</strong></span> <span class='ocrx_word' id='word_1_653' title='bbox 1247 2281 1330 2306; x_wconf 86' lang='lat' dir='ltr'><strong>nave</strong></span> <span class='ocrx_word' id='word_1_654' title='bbox 1351 2272 1481 2304; x_wconf 85' lang='lat' dir='ltr'><strong>vehitur</strong></span> <span class='ocrx_word' id='word_1_655' title='bbox 1505 2270 1707 2304; x_wconf 88' lang='lat' dir='ltr'><strong>Trachinem.</strong></span> <span class='ocrx_word' id='word_1_656' title='bbox 1730 2267 1901 2307; x_wconf 84' lang='lat' dir='ltr'><strong>Deianira,</strong></span> <span class='ocrx_word' id='word_1_657' title='bbox 1930 2275 1964 2298; x_wconf 91' lang='lat' dir='ltr'><strong>re</strong></span> <span class='ocrx_word' id='word_1_658' title='bbox 1990 2266 2168 2306; x_wconf 86' lang='lat' dir='ltr'><strong>comperta,</strong></span> 
     </span>
     <span class='ocr_line' id='line_1_90' title="bbox 1144 2328 2166 2378; baseline -0.011 -9"><span class='ocrx_word' id='word_1_659' title='bbox 1144 2336 1320 2378; x_wconf 85' lang='lat' dir='ltr'><strong>suspendio</strong></span> <span class='ocrx_word' id='word_1_660' title='bbox 1335 2336 1438 2368; x_wconf 89' lang='lat' dir='ltr'><strong>vitam</strong></span> <span class='ocrx_word' id='word_1_661' title='bbox 1450 2334 1566 2366; x_wconf 87' lang='lat' dir='ltr'><strong>finivit.</strong></span> <span class='ocrx_word' id='word_1_662' title='bbox 1587 2336 1614 2355; x_wconf 75' lang='lat'><strong>¹³</strong></span> <span class='ocrx_word' id='word_1_663' title='bbox 1626 2332 1791 2372; x_wconf 88' lang='lat' dir='ltr'><strong>Hercules,</strong></span> <span class='ocrx_word' id='word_1_664' title='bbox 1807 2333 1978 2374; x_wconf 89' lang='lat' dir='ltr'><strong>postquam</strong></span> <span class='ocrx_word' id='word_1_665' title='bbox 1994 2328 2089 2369; x_wconf 89' lang='lat' dir='ltr'><strong>Hyllo</strong></span> <span class='ocrx_word' id='word_1_666' title='bbox 2104 2352 2113 2368; x_wconf 89' lang='lat'>‚</span> <span class='ocrx_word' id='word_1_667' title='bbox 2129 2336 2166 2359; x_wconf 89' lang='lat' dir='ltr'><strong>ex</strong></span> 
     </span>
     <span class='ocr_line' id='line_1_91' title="bbox 1144 2390 2169 2434; baseline -0.009 -3"><span class='ocrx_word' id='word_1_668' title='bbox 1144 2398 1294 2432; x_wconf 86' lang='lat' dir='ltr'><strong>Deianira</strong></span> <span class='ocrx_word' id='word_1_669' title='bbox 1309 2396 1460 2430; x_wconf 86' lang='lat' dir='ltr'><strong>filiiorum</strong></span> <span class='ocrx_word' id='word_1_670' title='bbox 1477 2398 1556 2429; x_wconf 84' lang='lat' dir='ltr'><strong>natu</strong></span> <span class='ocrx_word' id='word_1_671' title='bbox 1569 2394 1726 2434; x_wconf 88' lang='lat' dir='ltr'><strong>maximo,</strong></span> <span class='ocrx_word' id='word_1_672' title='bbox 1743 2393 2037 2430; x_wconf 85' lang='lat' dir='ltr'><strong>commendaverat,</strong></span> <span class='ocrx_word' id='word_1_673' title='bbox 2052 2394 2098 2431; x_wconf 88' lang='lat' dir='ltr'><strong>ut,</strong></span> <span class='ocrx_word' id='word_1_674' title='bbox 2115 2390 2169 2423; x_wconf 85' lang='lat' dir='ltr'><strong>ubi</strong></span> 
     </span>
     <span class='ocr_line' id='line_1_92' title="bbox 1144 2454 2168 2501; baseline -0.01 -6"><span class='ocrx_word' id='word_1_675' title='bbox 1144 2463 1187 2496; x_wconf 90' lang='lat' dir='ltr'><strong>ad</strong></span> <span class='ocrx_word' id='word_1_676' title='bbox 1196 2462 1323 2495; x_wconf 89' lang='lat' dir='ltr'><strong>virilem</strong></span> <span class='ocrx_word' id='word_1_677' title='bbox 1336 2462 1464 2494; x_wconf 83' lang='lat' dir='ltr'><strong>aetatem</strong></span> <span class='ocrx_word' id='word_1_678' title='bbox 1479 2460 1678 2501; x_wconf 80' lang='lat' dir='ltr'><strong>pervenisset</strong></span> <span class='ocrx_word' id='word_1_679' title='bbox 1689 2481 1699 2498; x_wconf 93' lang='lat'><strong>,</strong></span> <span class='ocrx_word' id='word_1_680' title='bbox 1713 2458 1800 2490; x_wconf 92' lang='lat' dir='ltr'><strong>Iolen</strong></span> <span class='ocrx_word' id='word_1_681' title='bbox 1816 2465 1949 2490; x_wconf 85' lang='lat' dir='ltr'><strong>uxorem</strong></span> <span class='ocrx_word' id='word_1_682' title='bbox 1969 2456 2119 2493; x_wconf 86' lang='lat' dir='ltr'><strong>duceret,</strong></span> <span class='ocrx_word' id='word_1_683' title='bbox 2135 2454 2168 2485; x_wconf 92' lang='lat' dir='ltr'><strong>in</strong></span> 
     </span>
     <span class='ocr_line' id='line_1_93' title="bbox 1146 2518 2167 2564; baseline -0.011 -3"><span class='ocrx_word' id='word_1_684' title='bbox 1146 2530 1259 2561; x_wconf 91' lang='lat' dir='ltr'><strong>OEtam</strong></span> <span class='ocrx_word' id='word_1_685' title='bbox 1278 2526 1524 2560; x_wconf 88' lang='lat' dir='ltr'><strong>Trachiniorum</strong></span> <span class='ocrx_word' id='word_1_686' title='bbox 1550 2527 1692 2557; x_wconf 89' lang='lat' dir='ltr'><strong>montem</strong></span> <span class='ocrx_word' id='word_1_687' title='bbox 1718 2523 1897 2564; x_wconf 82' lang='lat' dir='ltr'><strong>profectus,</strong></span> <span class='ocrx_word' id='word_1_688' title='bbox 1916 2521 2100 2553; x_wconf 88' lang='lat' dir='ltr'><strong>constructo</strong></span> <span class='ocrx_word' id='word_1_689' title='bbox 2122 2518 2167 2550; x_wconf 91' lang='lat' dir='ltr'><strong>ibi</strong></span> 
     </span>
     <span class='ocr_line' id='line_1_94' title="bbox 1145 2583 2168 2635; baseline -0.012 -9"><span class='ocrx_word' id='word_1_690' title='bbox 1145 2602 1234 2635; x_wconf 87' lang='lat' dir='ltr'><strong>rogo,</strong></span> <span class='ocrx_word' id='word_1_691' title='bbox 1256 2592 1313 2625; x_wconf 91' lang='lat' dir='ltr'><strong>ubi</strong></span> <span class='ocrx_word' id='word_1_692' title='bbox 1326 2591 1565 2625; x_wconf 79' lang='lat' dir='ltr'><strong>conscendisset</strong></span> <span class='ocrx_word' id='word_1_693' title='bbox 1577 2598 1663 2629; x_wconf 91' lang='lat' dir='ltr'><strong>eum,</strong></span> <span class='ocrx_word' id='word_1_694' title='bbox 1679 2589 1783 2629; x_wconf 82' lang='lat' dir='ltr'><strong>ignem</strong></span> <span class='ocrx_word' id='word_1_695' title='bbox 1799 2587 1912 2628; x_wconf 89' lang='lat' dir='ltr'><strong>subjici</strong></span> <span class='ocrx_word' id='word_1_696' title='bbox 1926 2584 2031 2627; x_wconf 76' lang='lat' dir='ltr'><strong>Jussit.</strong></span> <span class='ocrx_word' id='word_1_697' title='bbox 2047 2583 2168 2620; x_wconf 78' lang='lat' dir='ltr'><strong>¹⁴Quod</strong></span> 
     </span>
     <span class='ocr_line' id='line_1_95' title="bbox 1146 2650 2167 2698; baseline -0.012 -8"><span class='ocrx_word' id='word_1_698' title='bbox 1146 2665 1248 2698; x_wconf 91' lang='lat' dir='ltr'><strong>quum</strong></span> <span class='ocrx_word' id='word_1_699' title='bbox 1261 2656 1365 2688; x_wconf 80' lang='lat' dir='ltr'><strong>facere</strong></span> <span class='ocrx_word' id='word_1_700' title='bbox 1383 2663 1478 2688; x_wconf 87' lang='lat' dir='ltr'><strong>nemo</strong></span> <span class='ocrx_word' id='word_1_701' title='bbox 1493 2654 1600 2694; x_wconf 89' lang='lat' dir='ltr'><strong>vellet,</strong></span> <span class='ocrx_word' id='word_1_702' title='bbox 1617 2655 1720 2692; x_wconf 77' lang='lat' dir='ltr'><strong>Poeas,</strong></span> <span class='ocrx_word' id='word_1_703' title='bbox 1738 2651 1794 2692; x_wconf 90' lang='lat' dir='ltr'><strong>qui</strong></span> <span class='ocrx_word' id='word_1_704' title='bbox 1811 2650 1946 2684; x_wconf 86' lang='lat' dir='ltr'><strong>amissas</strong></span> <span class='ocrx_word' id='word_1_705' title='bbox 1958 2657 2067 2689; x_wconf 80' lang='lat' dir='ltr'><strong>greges</strong></span> <span class='ocrx_word' id='word_1_706' title='bbox 2081 2656 2167 2688; x_wconf 83' lang='lat' dir='ltr'><strong>quae·</strong></span> 
     </span>
     <span class='ocr_line' id='line_1_96' title="bbox 1146 2712 2167 2764; baseline -0.012 -9"><span class='ocrx_word' id='word_1_707' title='bbox 1146 2731 1219 2755; x_wconf 89' lang='lat' dir='ltr'><strong>rens</strong></span> <span class='ocrx_word' id='word_1_708' title='bbox 1231 2720 1426 2764; x_wconf 76' lang='lat' dir='ltr'><strong>praeteribat,</strong></span> <span class='ocrx_word' id='word_1_709' title='bbox 1441 2721 1546 2761; x_wconf 85' lang='lat' dir='ltr'><strong>ignem</strong></span> <span class='ocrx_word' id='word_1_710' title='bbox 1559 2717 1708 2759; x_wconf 89' lang='lat' dir='ltr'><strong>subjecit.</strong></span> <span class='ocrx_word' id='word_1_711' title='bbox 1723 2719 1824 2755; x_wconf 89' lang='lat' dir='ltr'><strong>Quem</strong></span> <span class='ocrx_word' id='word_1_712' title='bbox 1837 2717 2003 2757; x_wconf 88' lang='lat' dir='ltr'><strong>propterea</strong></span> <span class='ocrx_word' id='word_1_713' title='bbox 2016 2712 2167 2745; x_wconf 87' lang='lat' dir='ltr'><strong>Hercules</strong></span> 
     </span>
     <span class='ocr_line' id='line_1_97' title="bbox 1146 2775 2166 2820; baseline -0.012 -2"><span class='ocrx_word' id='word_1_714' title='bbox 1146 2795 1223 2818; x_wconf 88' lang='lat' dir='ltr'><strong>arcu</strong></span> <span class='ocrx_word' id='word_1_715' title='bbox 1238 2783 1382 2817; x_wconf 81' lang='lat' dir='ltr'><strong>donavit.</strong></span> <span class='ocrx_word' id='word_1_716' title='bbox 1403 2781 1572 2815; x_wconf 76' lang='lat' dir='ltr'><strong>¹⁵Ardente</strong></span> <span class='ocrx_word' id='word_1_717' title='bbox 1587 2783 1694 2812; x_wconf 87' lang='lat' dir='ltr'><strong>autem</strong></span> <span class='ocrx_word' id='word_1_718' title='bbox 1710 2787 1790 2820; x_wconf 89' lang='lat' dir='ltr'><strong>pyra</strong></span> <span class='ocrx_word' id='word_1_719' title='bbox 1800 2801 1808 2817; x_wconf 93' lang='lat'><strong>‚</strong></span> <span class='ocrx_word' id='word_1_720' title='bbox 1828 2776 1930 2808; x_wconf 85' lang='lat' dir='ltr'><strong>nubes</strong></span> <span class='ocrx_word' id='word_1_721' title='bbox 1946 2775 2074 2807; x_wconf 89' lang='lat' dir='ltr'><strong>subiens</strong></span> <span class='ocrx_word' id='word_1_722' title='bbox 2092 2782 2166 2807; x_wconf 91' lang='lat' dir='ltr'><strong>cum</strong></span> 
     </span>
     <span class='ocr_line' id='line_1_98' title="bbox 1146 2838 2167 2883; baseline -0.011 -2"><span class='ocrx_word' id='word_1_723' title='bbox 1146 2850 1267 2883; x_wconf 87' lang='lat' dir='ltr'><strong>tonitru</strong></span> <span class='ocrx_word' id='word_1_724' title='bbox 1280 2857 1354 2880; x_wconf 87' lang='lat' dir='ltr'><strong>eum</strong></span> <span class='ocrx_word' id='word_1_725' title='bbox 1375 2848 1409 2879; x_wconf 92' lang='lat' dir='ltr'><strong>in</strong></span> <span class='ocrx_word' id='word_1_726' title='bbox 1424 2846 1542 2879; x_wconf 87' lang='lat' dir='ltr'><strong>coelum</strong></span> <span class='ocrx_word' id='word_1_727' title='bbox 1558 2843 1728 2875; x_wconf 84' lang='lat' dir='ltr'><strong>sustulisse</strong></span> <span class='ocrx_word' id='word_1_728' title='bbox 1742 2841 1871 2873; x_wconf 86' lang='lat' dir='ltr'><strong>dicitur.</strong></span> <span class='ocrx_word' id='word_1_729' title='bbox 1887 2840 1967 2872; x_wconf 89' lang='lat' dir='ltr'><strong>Inde</strong></span> <span class='ocrx_word' id='word_1_730' title='bbox 1981 2838 2167 2872; x_wconf 88' lang='lat' dir='ltr'><strong>immortali-</strong></span> 
     </span>
     <span class='ocr_line' id='line_1_99' title="bbox 1146 2905 2166 2953; baseline -0.008 -7"><span class='ocrx_word' id='word_1_731' title='bbox 1146 2915 1245 2946; x_wconf 86' lang='lat' dir='ltr'><strong>tatem</strong></span> <span class='ocrx_word' id='word_1_732' title='bbox 1262 2913 1397 2953; x_wconf 86' lang='lat' dir='ltr'><strong>adeptus</strong></span> <span class='ocrx_word' id='word_1_733' title='bbox 1414 2911 1446 2942; x_wconf 89' lang='lat' dir='ltr'><strong>et</strong></span> <span class='ocrx_word' id='word_1_734' title='bbox 1459 2907 1681 2941; x_wconf 86' lang='lat' dir='ltr'><strong>reconciliatus</strong></span> <span class='ocrx_word' id='word_1_735' title='bbox 1700 2914 1774 2938; x_wconf 90' lang='lat' dir='ltr'><strong>cum</strong></span> <span class='ocrx_word' id='word_1_736' title='bbox 1790 2907 1810 2936; x_wconf 89' lang='lat' dir='ltr'><strong>J</strong></span> <span class='ocrx_word' id='word_1_737' title='bbox 1814 2913 1929 2944; x_wconf 89' lang='lat' dir='ltr'><strong>unone,</strong></span> <span class='ocrx_word' id='word_1_738' title='bbox 1947 2905 2057 2938; x_wconf 86' lang='lat' dir='ltr'><strong>Heben</strong></span> <span class='ocrx_word' id='word_1_739' title='bbox 2068 2905 2166 2938; x_wconf 87' lang='lat' dir='ltr'><strong>filiam</strong></span> 
     </span>
     <span class='ocr_line' id='line_1_100' title="bbox 1145 2970 2165 3020; baseline -0.009 -8"><span class='ocrx_word' id='word_1_740' title='bbox 1145 2980 1214 3020; x_wconf 90' lang='lat' dir='ltr'><strong>ejus</strong></span> <span class='ocrx_word' id='word_1_741' title='bbox 1226 2977 1331 3016; x_wconf 83' lang='lat' dir='ltr'><strong>duxit,</strong></span> <span class='ocrx_word' id='word_1_742' title='bbox 1345 2986 1383 3008; x_wconf 86' lang='lat' dir='ltr'><strong>ex</strong></span> <span class='ocrx_word' id='word_1_743' title='bbox 1401 2984 1465 3016; x_wconf 87' lang='lat' dir='ltr'><strong>qua</strong></span> <span class='ocrx_word' id='word_1_744' title='bbox 1477 2974 1657 3006; x_wconf 84' lang='lat' dir='ltr'><strong>Alexiarem</strong></span> <span class='ocrx_word' id='word_1_745' title='bbox 1678 2971 1710 3003; x_wconf 87' lang='lat' dir='ltr'><strong>et</strong></span> <span class='ocrx_word' id='word_1_746' title='bbox 1726 2970 1895 3002; x_wconf 83' lang='lat' dir='ltr'><strong>Anicetum</strong></span> <span class='ocrx_word' id='word_1_747' title='bbox 1915 2970 1997 3002; x_wconf 79' lang='lat' dir='ltr'><strong>tilios</strong></span> <span class='ocrx_word' id='word_1_748' title='bbox 2013 2971 2165 3011; x_wconf 87' lang='lat' dir='ltr'><strong>suscepit.</strong></span> 
     </span>
    </p>
   </div>
   <div class='ocr_carea' id='block_1_8' title="bbox 1145 3159 2168 3334">
    <p class='ocr_par' dir='ltr' id='par_1_13' title="bbox 1145 3159 2168 3334">
     <span class='ocr_line' id='line_1_101' title="bbox 1187 3159 2168 3214; baseline -0.014 -9"><span class='ocrx_word' id='word_1_749' title='bbox 1187 3174 1232 3214; x_wconf 87' lang='lat'><strong>(8)</strong></span> <span class='ocrx_word' id='word_1_750' title='bbox 1250 3172 1350 3205; x_wconf 88' lang='lat' dir='ltr'><strong>Erant</strong></span> <span class='ocrx_word' id='word_1_751' title='bbox 1363 3178 1439 3202; x_wconf 84' lang='lat' dir='ltr'><strong>vero</strong></span> <span class='ocrx_word' id='word_1_752' title='bbox 1451 3167 1480 3200; x_wconf 89' lang='lat' dir='ltr'><strong>ei</strong></span> <span class='ocrx_word' id='word_1_753' title='bbox 1496 3166 1553 3199; x_wconf 83' lang='lat' dir='ltr'><strong>filii</strong></span> <span class='ocrx_word' id='word_1_754' title='bbox 1566 3174 1606 3198; x_wconf 87' lang='lat' dir='ltr'><strong>ex</strong></span> <span class='ocrx_word' id='word_1_755' title='bbox 1625 3164 1754 3206; x_wconf 88' lang='lat' dir='ltr'><strong>Thespii</strong></span> <span class='ocrx_word' id='word_1_756' title='bbox 1769 3162 1894 3196; x_wconf 78' lang='lat' dir='ltr'><strong>filiabus</strong></span> <span class='ocrx_word' id='word_1_757' title='bbox 1908 3162 1940 3194; x_wconf 89' lang='lat' dir='ltr'><strong>hi</strong></span> <span class='ocrx_word' id='word_1_758' title='bbox 1961 3169 2000 3193; x_wconf 89' lang='lat' dir='ltr'><strong>:e</strong></span> <span class='ocrx_word' id='word_1_759' title='bbox 2018 3159 2168 3193; x_wconf 89' lang='lat' dir='ltr'><strong>Procride</strong></span> 
     </span>
     <span class='ocr_line' id='line_1_102' title="bbox 1145 3220 2167 3269; baseline -0.015 -4"><span class='ocrx_word' id='word_1_760' title='bbox 1145 3232 1291 3265; x_wconf 87' lang='lat' dir='ltr'><strong>Antileon</strong></span> <span class='ocrx_word' id='word_1_761' title='bbox 1310 3233 1342 3262; x_wconf 86' lang='lat' dir='ltr'><strong>et</strong></span> <span class='ocrx_word' id='word_1_762' title='bbox 1358 3228 1501 3269; x_wconf 66' lang='lat' dir='ltr'><strong>Hippeur·</strong></span> <span class='ocrx_word' id='word_1_763' title='bbox 1515 3237 1524 3267; x_wconf 90' lang='lat'>;</span> <span class='ocrx_word' id='word_1_764' title='bbox 1538 3234 1576 3258; x_wconf 84' lang='lat' dir='ltr'><strong>ea</strong></span> <span class='ocrx_word' id='word_1_765' title='bbox 1596 3225 1681 3257; x_wconf 90' lang='lat' dir='ltr'><strong>enim</strong></span> <span class='ocrx_word' id='word_1_766' title='bbox 1698 3226 1776 3256; x_wconf 87' lang='lat' dir='ltr'><strong>natu</strong></span> <span class='ocrx_word' id='word_1_767' title='bbox 1795 3222 1937 3254; x_wconf 85' lang='lat' dir='ltr'><strong>maxima</strong></span> <span class='ocrx_word' id='word_1_768' title='bbox 1958 3220 2101 3261; x_wconf 85' lang='lat' dir='ltr'><strong>geminos</strong></span> <span class='ocrx_word' id='word_1_769' title='bbox 2119 3227 2167 3260; x_wconf 76' lang='lat' dir='ltr'><strong>pe·</strong></span> 
     </span>
     <span class='ocr_line' id='line_1_103' title="bbox 1145 3279 2167 3334; baseline -0.014 -10"><span class='ocrx_word' id='word_1_770' title='bbox 1145 3292 1285 3334; x_wconf 88' lang='lat' dir='ltr'><strong>pererat;</strong></span> <span class='ocrx_word' id='word_1_771' title='bbox 1303 3298 1342 3321; x_wconf 90' lang='lat' dir='ltr'><strong>ex</strong></span> <span class='ocrx_word' id='word_1_772' title='bbox 1362 3290 1489 3327; x_wconf 86' lang='lat' dir='ltr'><strong>Panope</strong></span> <span class='ocrx_word' id='word_1_773' title='bbox 1503 3284 1729 3325; x_wconf 81' lang='lat' dir='ltr'><strong>Threpsippas,</strong></span> <span class='ocrx_word' id='word_1_774' title='bbox 1746 3291 1763 3314; x_wconf 88' lang='lat' dir='ltr'><strong>e</strong></span> <span class='ocrx_word' id='word_1_775' title='bbox 1778 3284 1861 3323; x_wconf 89' lang='lat' dir='ltr'><strong>Lyse</strong></span> <span class='ocrx_word' id='word_1_776' title='bbox 1876 3279 2035 3313; x_wconf 87' lang='lat' dir='ltr'><strong>Eumedes</strong></span> <span class='ocrx_word' id='word_1_777' title='bbox 2046 3303 2055 3319; x_wconf 96' lang='lat'><em>‚</em></span> <span class='ocrx_word' id='word_1_778' title='bbox 2079 3287 2119 3311; x_wconf 82' lang='lat' dir='ltr'><strong>ex</strong></span> <span class='ocrx_word' id='word_1_779' title='bbox 2132 3279 2167 3295; x_wconf 71' lang='lat'><strong>*¹*</strong></span> 
     </span>
    </p>
   </div>
   <div class='ocr_carea' id='block_1_9' title="bbox 1145 3337 2167 3432">
    <p class='ocr_par' dir='ltr' id='par_1_14' title="bbox 1145 3337 2167 3432">
     <span class='ocr_line' id='line_1_104' title="bbox 1145 3337 2167 3389; baseline -0.014 -4"><span class='ocrx_word' id='word_1_780' title='bbox 1145 3355 1260 3389; x_wconf 87' lang='lat' dir='ltr'><strong>Creon,</strong></span> <span class='ocrx_word' id='word_1_781' title='bbox 1269 3353 1283 3373; x_wconf 80' lang='lat'>2</span> <span class='ocrx_word' id='word_1_782' title='bbox 1294 3357 1333 3380; x_wconf 79' lang='lat' dir='ltr'><strong>ex.</strong></span> <span class='ocrx_word' id='word_1_783' title='bbox 1344 3345 1488 3387; x_wconf 82' lang='lat' dir='ltr'><strong>Epilaide</strong></span> <span class='ocrx_word' id='word_1_784' title='bbox 1505 3346 1678 3385; x_wconf 82' lang='lat' dir='ltr'><strong>Astyanax,</strong></span> <span class='ocrx_word' id='word_1_785' title='bbox 1696 3351 1713 3373; x_wconf 85' lang='lat' dir='ltr'><strong>e</strong></span> <span class='ocrx_word' id='word_1_786' title='bbox 1726 3342 1842 3375; x_wconf 87' lang='lat' dir='ltr'><strong>Certhe</strong></span> <span class='ocrx_word' id='word_1_787' title='bbox 1854 3340 1959 3379; x_wconf 83' lang='lat' dir='ltr'><strong>lobes,</strong></span> <span class='ocrx_word' id='word_1_788' title='bbox 1971 3349 2010 3372; x_wconf 85' lang='lat' dir='ltr'><strong>ex</strong></span> <span class='ocrx_word' id='word_1_789' title='bbox 2025 3337 2167 3379; x_wconf 77' lang='lat' dir='ltr'><strong>Eurybia</strong></span> 
     </span>
     <span class='ocr_line' id='line_1_105' title="bbox 1972 3400 2020 3432; baseline 0.021 -5"><span class='ocrx_word' id='word_1_790' title='bbox 1972 3400 2020 3432; x_wconf 76' lang='lat'><strong>¹0,</strong></span> 
     </span>
    </p>
   </div>
  </div>
 </body>
</html>
