<?xml version="1.0" encoding="UTF-8"?>
<!DOCTYPE html PUBLIC "-//W3C//DTD XHTML 1.0 Transitional//EN"
    "http://www.w3.org/TR/xhtml1/DTD/xhtml1-transitional.dtd">
<html xmlns="http://www.w3.org/1999/xhtml" xml:lang="en" lang="en">
 <head>
  <title>
</title>
<meta http-equiv="Content-Type" content="text/html;charset=utf-8" />
  <meta name='ocr-system' content='tesseract 3.04.00' />
  <meta name='ocr-capabilities' content='ocr_page ocr_carea ocr_par ocr_line ocrx_word'/>
</head>
<body>
  <div class='ocr_page' id='page_1' title='image "./fragmentahistori01mueluoft_0487.png"; bbox 0 0 2320 3684; ppageno 0'>
   <div class='ocr_carea' id='block_1_1' title="bbox 739 101 2151 146">
    <p class='ocr_par' dir='ltr' id='par_1_1' title="bbox 739 101 2151 146">
     <span class='ocr_line' id='line_1_1' title="bbox 739 101 2151 146; baseline -0.006 -2"><span class='ocrx_word' id='word_1_1' title='bbox 739 104 1059 146; x_wconf 81' lang='lat' dir='ltr'>PHILOCHORI</span> <span class='ocrx_word' id='word_1_2' title='bbox 1086 101 1422 142; x_wconf 86' lang='lat' dir='ltr'><strong>FRAGMENTA.</strong></span> <span class='ocrx_word' id='word_1_3' title='bbox 2078 102 2151 136; x_wconf 85' lang='lat'>385</span> 
     </span>
    </p>
   </div>
   <div class='ocr_carea' id='block_1_2' title="bbox 23 184 2158 430">
    <p class='ocr_par' dir='ltr' id='par_1_2' title="bbox 23 184 2158 430">
     <span class='ocr_line' id='line_1_2' title="bbox 23 184 2157 247; baseline -0.009 -7"><span class='ocrx_word' id='word_1_4' title='bbox 23 216 83 241; x_wconf 88' lang='grc' dir='ltr'>νον</span> <span class='ocrx_word' id='word_1_5' title='bbox 103 198 306 247; x_wconf 75' lang='grc' dir='ltr'>οἰκήσαντες</span> <span class='ocrx_word' id='word_1_6' title='bbox 328 199 363 236; x_wconf 81' lang='grc' dir='ltr'>ἐν</span> <span class='ocrx_word' id='word_1_7' title='bbox 390 202 465 240; x_wconf 87' lang='grc' dir='ltr'>ταῖς</span> <span class='ocrx_word' id='word_1_8' title='bbox 493 194 650 242; x_wconf 78' lang='grc' dir='ltr'>Ἀθήναις</span> <span class='ocrx_word' id='word_1_9' title='bbox 678 192 845 247; x_wconf 85' lang='grc' dir='ltr'>ὤφθησαν</span> <span class='ocrx_word' id='word_1_10' title='bbox 874 191 1059 237; x_wconf 83' lang='grc' dir='ltr'>ἐξανιστά-</span> <span class='ocrx_word' id='word_1_11' title='bbox 1122 205 1160 228; x_wconf 89' lang='grc' dir='ltr'>τε</span> <span class='ocrx_word' id='word_1_12' title='bbox 1179 189 1238 228; x_wconf 81' lang='grc' dir='ltr'>καὶ</span> <span class='ocrx_word' id='word_1_13' title='bbox 1258 188 1477 242; x_wconf 79' lang='grc' dir='ltr'>Φιλόχορος,</span> <span class='ocrx_word' id='word_1_14' title='bbox 1501 189 1532 227; x_wconf 79' lang='grc' dir='ltr'>οἱ</span> <span class='ocrx_word' id='word_1_15' title='bbox 1560 186 1621 230; x_wconf 85' lang='grc' dir='ltr'>τὰς</span> <span class='ocrx_word' id='word_1_16' title='bbox 1650 184 1806 228; x_wconf 83' lang='grc' dir='ltr'>Ἀτθίδας</span> <span class='ocrx_word' id='word_1_17' title='bbox 1825 185 1979 238; x_wconf 76' lang='lat' dir='ltr'>(nempe</span> <span class='ocrx_word' id='word_1_18' title='bbox 2000 184 2157 238; x_wconf 72' lang='grc' dir='ltr'>γράψαν-</span> 
     </span>
     <span class='ocr_line' id='line_1_3' title="bbox 27 242 2156 312; baseline -0.009 -13"><span class='ocrx_word' id='word_1_19' title='bbox 27 275 125 311; x_wconf 88' lang='grc' dir='ltr'>μενοι</span> <span class='ocrx_word' id='word_1_20' title='bbox 143 261 187 312; x_wconf 78' lang='grc' dir='ltr'>τῇ</span> <span class='ocrx_word' id='word_1_21' title='bbox 207 257 328 305; x_wconf 88' lang='grc' dir='ltr'>πόλει,</span> <span class='ocrx_word' id='word_1_22' title='bbox 350 255 410 295; x_wconf 80' lang='grc' dir='ltr'>καὶ</span> <span class='ocrx_word' id='word_1_23' title='bbox 427 253 550 294; x_wconf 86' lang='grc' dir='ltr'>πολλοὶ</span> <span class='ocrx_word' id='word_1_24' title='bbox 567 252 631 305; x_wconf 83' lang='grc' dir='ltr'>μὲν</span> <span class='ocrx_word' id='word_1_25' title='bbox 656 253 769 290; x_wconf 83' lang='grc' dir='ltr'>αὐτῶν</span> <span class='ocrx_word' id='word_1_26' title='bbox 792 250 974 289; x_wconf 87' lang='grc' dir='ltr'>ἀπώλοντο</span> <span class='ocrx_word' id='word_1_27' title='bbox 994 250 1061 288; x_wconf 80' lang='grc' dir='ltr'>ὑπὸ</span> <span class='ocrx_word' id='word_1_28' title='bbox 1120 250 1191 301; x_wconf 82' lang='grc' dir='ltr'>τες)</span> <span class='ocrx_word' id='word_1_29' title='bbox 1267 248 1505 300; x_wconf 78' lang='grc' dir='ltr'>ἐμνήσθησαν.</span> <span class='ocrx_word' id='word_1_30' title='bbox 1579 244 1708 298; x_wconf 78' lang='grc' dir='ltr'>Φαμὲν</span> <span class='ocrx_word' id='word_1_31' title='bbox 1734 244 1848 283; x_wconf 87' lang='grc' dir='ltr'>τοίνυν</span> <span class='ocrx_word' id='word_1_32' title='bbox 1931 242 2096 296; x_wconf 83' lang='grc' dir='ltr'>Ὤγυγον,</span> <span class='ocrx_word' id='word_1_33' title='bbox 2121 242 2156 286; x_wconf 85' lang='grc' dir='ltr'>ὃς</span> 
     </span>
     <span class='ocr_line' id='line_1_4' title="bbox 27 302 2156 365; baseline -0.008 -7"><span class='ocrx_word' id='word_1_34' title='bbox 27 321 97 358; x_wconf 85' lang='grc' dir='ltr'>τῶν</span> <span class='ocrx_word' id='word_1_35' title='bbox 118 316 322 365; x_wconf 87' lang='grc' dir='ltr'>Ἀθηναίων,</span> <span class='ocrx_word' id='word_1_36' title='bbox 344 315 443 353; x_wconf 88' lang='grc' dir='ltr'>ἄλλοι</span> <span class='ocrx_word' id='word_1_37' title='bbox 460 311 496 352; x_wconf 86' lang='grc' dir='ltr'>δὲ</span> <span class='ocrx_word' id='word_1_38' title='bbox 517 310 721 365; x_wconf 81' lang='grc' dir='ltr'>ἐκφυγόντες</span> <span class='ocrx_word' id='word_1_39' title='bbox 740 312 885 361; x_wconf 76' lang='grc' dir='ltr'>Λῆμνον</span> <span class='ocrx_word' id='word_1_40' title='bbox 903 308 963 347; x_wconf 79' lang='grc' dir='ltr'>καὶ</span> <span class='ocrx_word' id='word_1_41' title='bbox 978 308 1063 359; x_wconf 85' lang='grc' dir='ltr'>Ἴμ-</span> <span class='ocrx_word' id='word_1_42' title='bbox 1122 310 1184 345; x_wconf 88' lang='grc' dir='ltr'>τοῦ</span> <span class='ocrx_word' id='word_1_43' title='bbox 1208 306 1350 360; x_wconf 86' lang='grc' dir='ltr'>πρώτου</span> <span class='ocrx_word' id='word_1_44' title='bbox 1367 307 1618 357; x_wconf 76' lang='grc' dir='ltr'>κατακλυσμοῦ</span> <span class='ocrx_word' id='word_1_45' title='bbox 1638 303 1777 356; x_wconf 86' lang='grc' dir='ltr'>γέγονεν</span> <span class='ocrx_word' id='word_1_46' title='bbox 1793 302 1994 354; x_wconf 81' lang='grc' dir='ltr'>ἐπώνυμος,</span> <span class='ocrx_word' id='word_1_47' title='bbox 2015 304 2156 341; x_wconf 82' lang='grc' dir='ltr'>πολλῶν</span> 
     </span>
     <span class='ocr_line' id='line_1_5' title="bbox 29 361 2158 430; baseline -0.008 -14"><span class='ocrx_word' id='word_1_48' title='bbox 29 378 111 430; x_wconf 74' lang='grc' dir='ltr'>ὅρον</span> <span class='ocrx_word' id='word_1_49' title='bbox 132 375 288 430; x_wconf 85' lang='grc' dir='ltr'>ᾤκησαν.</span> <span class='ocrx_word' id='word_1_50' title='bbox 304 372 428 428; x_wconf 85' lang='grc' dir='ltr'>Χρόνῳ</span> <span class='ocrx_word' id='word_1_51' title='bbox 446 371 483 411; x_wconf 85' lang='grc' dir='ltr'>δὲ</span> <span class='ocrx_word' id='word_1_52' title='bbox 506 371 649 425; x_wconf 74' lang='grc' dir='ltr'>ὕστερον</span> <span class='ocrx_word' id='word_1_53' title='bbox 668 370 739 408; x_wconf 82' lang='grc' dir='ltr'>ἀπὸ</span> <span class='ocrx_word' id='word_1_54' title='bbox 757 369 887 416; x_wconf 85' lang='grc' dir='ltr'>ταύτης</span> <span class='ocrx_word' id='word_1_55' title='bbox 910 371 972 415; x_wconf 65' lang='grc' dir='ltr'>τῆς</span> <span class='ocrx_word' id='word_1_56' title='bbox 1001 368 1060 405; x_wconf 89' lang='grc' dir='ltr'>αἷ-</span> <span class='ocrx_word' id='word_1_57' title='bbox 1124 366 1382 420; x_wconf 80' lang='grc' dir='ltr'>διαφθαρέντων</span> <span class='ocrx_word' id='word_1_58' title='bbox 1402 364 1586 408; x_wconf 74' lang='grc' dir='ltr'>διασωθεὶς</span> <span class='ocrx_word' id='word_1_59' title='bbox 1601 395 1611 413; x_wconf 91' lang='grc'>,</span> <span class='ocrx_word' id='word_1_60' title='bbox 1632 362 1726 402; x_wconf 78' lang='grc' dir='ltr'>κατὰ</span> <span class='ocrx_word' id='word_1_61' title='bbox 1738 362 1801 411; x_wconf 85' lang='grc' dir='ltr'>τὴν</span> <span class='ocrx_word' id='word_1_62' title='bbox 1817 364 1878 401; x_wconf 84' lang='grc' dir='ltr'>ἀπ’</span> <span class='ocrx_word' id='word_1_63' title='bbox 1903 361 2083 414; x_wconf 84' lang='grc' dir='ltr'>Αἰγύπτου</span> <span class='ocrx_word' id='word_1_64' title='bbox 2097 365 2158 400; x_wconf 87' lang='grc' dir='ltr'>τοῦ</span> 
     </span>
    </p>
   </div>
   <div class='ocr_carea' id='block_1_3' title="bbox 29 419 2160 488">
    <p class='ocr_par' dir='ltr' id='par_1_3' title="bbox 29 419 2160 488">
     <span class='ocr_line' id='line_1_6' title="bbox 29 419 2160 488; baseline -0.008 -13"><span class='ocrx_word' id='word_1_65' title='bbox 29 437 105 480; x_wconf 86' lang='grc' dir='ltr'>τίας</span> <span class='ocrx_word' id='word_1_66' title='bbox 133 434 316 488; x_wconf 82' lang='grc' dir='ltr'>ἐχθρωδῶς</span> <span class='ocrx_word' id='word_1_67' title='bbox 338 431 550 483; x_wconf 83' lang='grc' dir='ltr'>διακείμενοι</span> <span class='ocrx_word' id='word_1_68' title='bbox 571 435 643 474; x_wconf 86' lang='grc' dir='ltr'>τοῖς</span> <span class='ocrx_word' id='word_1_69' title='bbox 671 428 863 476; x_wconf 88' lang='grc' dir='ltr'>Ἀθηναίοις</span> <span class='ocrx_word' id='word_1_70' title='bbox 891 426 1062 481; x_wconf 82' lang='grc' dir='ltr'>ὥρμησαν</span> <span class='ocrx_word' id='word_1_71' title='bbox 1123 426 1210 463; x_wconf 89' lang='grc' dir='ltr'>λαοῦ</span> <span class='ocrx_word' id='word_1_72' title='bbox 1236 424 1325 475; x_wconf 84' lang='grc' dir='ltr'>μετὰ</span> <span class='ocrx_word' id='word_1_73' title='bbox 1345 424 1504 469; x_wconf 78' lang='grc' dir='ltr'>Μωσέως</span> <span class='ocrx_word' id='word_1_74' title='bbox 1531 423 1661 472; x_wconf 82' lang='grc' dir='ltr'>ἔξοδον,</span> <span class='ocrx_word' id='word_1_75' title='bbox 1692 425 1912 475; x_wconf 75' lang='grc' dir='ltr'>γεγενῆσθαι.</span> <span class='ocrx_word' id='word_1_76' title='bbox 1990 420 2091 460; x_wconf 86' lang='grc' dir='ltr'>Μετὰ</span> <span class='ocrx_word' id='word_1_77' title='bbox 2123 419 2160 459; x_wconf 81' lang='grc' dir='ltr'>δὲ</span> 
     </span>
    </p>
   </div>
   <div class='ocr_carea' id='block_1_4' title="bbox 29 486 1094 2279">
    <p class='ocr_par' dir='ltr' id='par_1_4' title="bbox 29 486 1072 843">
     <span class='ocr_line' id='line_1_7' title="bbox 32 486 1064 544; baseline -0.011 -10"><span class='ocrx_word' id='word_1_78' title='bbox 32 498 79 540; x_wconf 83' lang='grc' dir='ltr'>εἷς</span> <span class='ocrx_word' id='word_1_79' title='bbox 100 495 226 542; x_wconf 87' lang='grc' dir='ltr'>πλοῖα,</span> <span class='ocrx_word' id='word_1_80' title='bbox 245 491 305 531; x_wconf 71' lang='grc' dir='ltr'>καὶ</span> <span class='ocrx_word' id='word_1_81' title='bbox 324 489 562 544; x_wconf 81' lang='grc' dir='ltr'>κατασχόντες</span> <span class='ocrx_word' id='word_1_82' title='bbox 581 491 629 533; x_wconf 87' lang='grc' dir='ltr'>εἷς</span> <span class='ocrx_word' id='word_1_83' title='bbox 649 489 843 542; x_wconf 88' lang='grc' dir='ltr'>Βραυρῶνα</span> <span class='ocrx_word' id='word_1_84' title='bbox 861 489 922 533; x_wconf 72' lang='grc' dir='ltr'>τῆς</span> <span class='ocrx_word' id='word_1_85' title='bbox 947 486 1064 525; x_wconf 81' lang='grc' dir='ltr'>Ἀττι-</span> 
     </span>
     <span class='ocr_line' id='line_1_8' title="bbox 29 546 1067 607; baseline -0.009 -16"><span class='ocrx_word' id='word_1_86' title='bbox 29 557 106 602; x_wconf 79' lang='grc' dir='ltr'>κῆς,</span> <span class='ocrx_word' id='word_1_87' title='bbox 121 552 286 607; x_wconf 83' lang='grc' dir='ltr'>ἥρπασαν</span> <span class='ocrx_word' id='word_1_88' title='bbox 299 549 490 604; x_wconf 84' lang='grc' dir='ltr'>παρθένους</span> <span class='ocrx_word' id='word_1_89' title='bbox 499 546 753 603; x_wconf 84' lang='grc' dir='ltr'>ἀρκτευομένας</span> <span class='ocrx_word' id='word_1_90' title='bbox 767 549 811 599; x_wconf 82' lang='grc' dir='ltr'>τῇ</span> <span class='ocrx_word' id='word_1_91' title='bbox 830 547 895 600; x_wconf 79' lang='grc' dir='ltr'>θεῷ</span> <span class='ocrx_word' id='word_1_92' title='bbox 912 546 947 584; x_wconf 78' lang='grc' dir='ltr'>ἓν</span> <span class='ocrx_word' id='word_1_93' title='bbox 958 547 1067 599; x_wconf 87' lang='grc' dir='ltr'>Βραυ-</span> 
     </span>
     <span class='ocr_line' id='line_1_9' title="bbox 35 601 1067 667; baseline -0.011 -15"><span class='ocrx_word' id='word_1_94' title='bbox 35 612 170 667; x_wconf 85' lang='grc' dir='ltr'>ρωνίοις</span> <span class='ocrx_word' id='word_1_95' title='bbox 184 641 194 658; x_wconf 92' lang='grc'>,</span> <span class='ocrx_word' id='word_1_96' title='bbox 228 604 282 654; x_wconf 74' lang='grc' dir='ltr'>αἶς</span> <span class='ocrx_word' id='word_1_97' title='bbox 299 608 521 663; x_wconf 84' lang='grc' dir='ltr'>συνῴκησαν.</span> <span class='ocrx_word' id='word_1_98' title='bbox 553 609 600 647; x_wconf 82' lang='grc' dir='ltr'>Οἵ</span> <span class='ocrx_word' id='word_1_99' title='bbox 622 601 682 645; x_wconf 62' lang='grc' dir='ltr'>οῦν</span> <span class='ocrx_word' id='word_1_100' title='bbox 715 605 880 653; x_wconf 82' lang='grc' dir='ltr'>Ἀθήνησι</span> <span class='ocrx_word' id='word_1_101' title='bbox 913 603 1067 658; x_wconf 79' lang='grc' dir='ltr'>ῥήτορες,</span> 
     </span>
     <span class='ocr_line' id='line_1_10' title="bbox 32 661 1070 722; baseline -0.01 -12"><span class='ocrx_word' id='word_1_102' title='bbox 32 674 80 716; x_wconf 82' lang='grc' dir='ltr'>ὥς</span> <span class='ocrx_word' id='word_1_103' title='bbox 102 672 137 710; x_wconf 79' lang='grc' dir='ltr'>ἐν</span> <span class='ocrx_word' id='word_1_104' title='bbox 167 668 391 722; x_wconf 77' lang='grc' dir='ltr'>δημοκρατίᾳ</span> <span class='ocrx_word' id='word_1_105' title='bbox 420 665 696 718; x_wconf 77' lang='grc' dir='ltr'>πολιτευόμενοι,</span> <span class='ocrx_word' id='word_1_106' title='bbox 723 664 797 708; x_wconf 85' lang='grc' dir='ltr'>ἔθος</span> <span class='ocrx_word' id='word_1_107' title='bbox 833 664 954 717; x_wconf 86' lang='grc' dir='ltr'>ἔχουσι</span> <span class='ocrx_word' id='word_1_108' title='bbox 991 661 1070 706; x_wconf 79' lang='grc' dir='ltr'>τοὺς</span> 
     </span>
     <span class='ocr_line' id='line_1_11' title="bbox 37 723 1072 783; baseline -0.009 -14"><span class='ocrx_word' id='word_1_109' title='bbox 37 726 204 783; x_wconf 84' lang='grc' dir='ltr'>βασιλέας</span> <span class='ocrx_word' id='word_1_110' title='bbox 244 726 430 781; x_wconf 78' lang='grc' dir='ltr'>τυράννους</span> <span class='ocrx_word' id='word_1_111' title='bbox 460 726 600 774; x_wconf 84' lang='grc' dir='ltr'>καλεῖν,</span> <span class='ocrx_word' id='word_1_112' title='bbox 636 723 715 763; x_wconf 77' lang='grc' dir='ltr'>ἀντὶ</span> <span class='ocrx_word' id='word_1_113' title='bbox 750 727 814 770; x_wconf 83' lang='grc' dir='ltr'>τ’ἧς</span> <span class='ocrx_word' id='word_1_114' title='bbox 846 723 930 775; x_wconf 86' lang='grc' dir='ltr'>παρ’</span> <span class='ocrx_word' id='word_1_115' title='bbox 957 724 1072 766; x_wconf 78' lang='grc' dir='ltr'>αὐτοῖς</span> 
     </span>
     <span class='ocr_line' id='line_1_12' title="bbox 37 787 424 843; baseline -0.016 -14"><span class='ocrx_word' id='word_1_116' title='bbox 37 789 114 843; x_wconf 86' lang='grc' dir='ltr'>βίας</span> <span class='ocrx_word' id='word_1_117' title='bbox 129 789 199 827; x_wconf 87' lang='grc' dir='ltr'>τῶν</span> <span class='ocrx_word' id='word_1_118' title='bbox 219 789 252 827; x_wconf 91' lang='grc' dir='ltr'>Τ</span> <span class='ocrx_word' id='word_1_119' title='bbox 254 787 424 839; x_wconf 83' lang='grc' dir='ltr'>υῤῥηνῶν.</span> 
     </span>
    </p>

    <p class='ocr_par' dir='ltr' id='par_1_5' title="bbox 535 849 572 887">
     <span class='ocr_line' id='line_1_13' title="bbox 535 849 572 887; baseline 0.027 -1"><span class='ocrx_word' id='word_1_120' title='bbox 535 849 572 887; x_wconf 87' lang='grc'>6.</span> 
     </span>
    </p>

    <p class='ocr_par' dir='ltr' id='par_1_6' title="bbox 37 905 1076 1197">
     <span class='ocr_line' id='line_1_14' title="bbox 91 905 1075 955; baseline -0.008 -5"><span class='ocrx_word' id='word_1_121' title='bbox 91 910 214 950; x_wconf 89' lang='lat' dir='ltr'>Schol.</span> <span class='ocrx_word' id='word_1_122' title='bbox 232 913 368 950; x_wconf 88' lang='lat' dir='ltr'>Venet.</span> <span class='ocrx_word' id='word_1_123' title='bbox 384 912 414 947; x_wconf 92' lang='lat' dir='ltr'>B</span> <span class='ocrx_word' id='word_1_124' title='bbox 430 916 470 946; x_wconf 87' lang='lat' dir='ltr'>et</span> <span class='ocrx_word' id='word_1_125' title='bbox 494 911 524 946; x_wconf 93' lang='lat' dir='ltr'>L</span> <span class='ocrx_word' id='word_1_126' title='bbox 552 907 600 946; x_wconf 91' lang='lat' dir='ltr'>ad</span> <span class='ocrx_word' id='word_1_127' title='bbox 619 910 731 945; x_wconf 89' lang='lat' dir='ltr'>Hom.</span> <span class='ocrx_word' id='word_1_128' title='bbox 758 906 802 944; x_wconf 85' lang='lat'>11.</span> <span class='ocrx_word' id='word_1_129' title='bbox 823 909 869 952; x_wconf 93' lang='lat' dir='ltr'>A,</span> <span class='ocrx_word' id='word_1_130' title='bbox 893 905 1075 955; x_wconf 72' lang='lat' dir='ltr'><strong>594=&lt;I¹1-</strong></span> 
     </span>
     <span class='ocr_line' id='line_1_15' title="bbox 37 963 1076 1023; baseline -0.008 -14"><span class='ocrx_word' id='word_1_131' title='bbox 37 967 182 1023; x_wconf 81' lang='grc' dir='ltr'>λόχορός</span> <span class='ocrx_word' id='word_1_132' title='bbox 214 984 320 1021; x_wconf 82' lang='grc' dir='ltr'>φησι,</span> <span class='ocrx_word' id='word_1_133' title='bbox 355 965 561 1019; x_wconf 77' lang='grc' dir='ltr'>Πελασγοὺς</span> <span class='ocrx_word' id='word_1_134' title='bbox 578 964 703 1009; x_wconf 77' lang='grc' dir='ltr'>αὐτοὺς</span> <span class='ocrx_word' id='word_1_135' title='bbox 722 963 814 1017; x_wconf 70' lang='grc' dir='ltr'>(τοὺς</span> <span class='ocrx_word' id='word_1_136' title='bbox 842 963 983 1007; x_wconf 89' lang='grc' dir='ltr'>Σίντιας</span> <span class='ocrx_word' id='word_1_137' title='bbox 1003 967 1076 1001; x_wconf 89' lang='lat' dir='ltr'>Le-</span> 
     </span>
     <span class='ocr_line' id='line_1_16' title="bbox 37 1020 1076 1079; baseline -0.008 -12"><span class='ocrx_word' id='word_1_138' title='bbox 37 1029 118 1067; x_wconf 90' lang='lat' dir='ltr'>mni</span> <span class='ocrx_word' id='word_1_139' title='bbox 150 1028 309 1079; x_wconf 89' lang='lat' dir='ltr'>incolas)</span> <span class='ocrx_word' id='word_1_140' title='bbox 335 1026 437 1070; x_wconf 83' lang='grc' dir='ltr'>ὄντας</span> <span class='ocrx_word' id='word_1_141' title='bbox 473 1024 567 1064; x_wconf 76' lang='grc' dir='ltr'>οὕτω</span> <span class='ocrx_word' id='word_1_142' title='bbox 618 1025 943 1078; x_wconf 78' lang='grc' dir='ltr'>προσαγορευθῆναι</span> <span class='ocrx_word' id='word_1_143' title='bbox 957 1053 967 1071; x_wconf 94' lang='grc'>,</span> <span class='ocrx_word' id='word_1_144' title='bbox 1001 1020 1076 1060; x_wconf 80' lang='grc' dir='ltr'>ἐπεὶ</span> 
     </span>
     <span class='ocr_line' id='line_1_17' title="bbox 37 1081 1074 1140; baseline -0.008 -13"><span class='ocrx_word' id='word_1_145' title='bbox 37 1086 251 1131; x_wconf 82' lang='grc' dir='ltr'>πλεύσαντες</span> <span class='ocrx_word' id='word_1_146' title='bbox 269 1089 316 1131; x_wconf 85' lang='grc' dir='ltr'>εἷς</span> <span class='ocrx_word' id='word_1_147' title='bbox 338 1087 531 1140; x_wconf 89' lang='grc' dir='ltr'>Βραυρῶνα</span> <span class='ocrx_word' id='word_1_148' title='bbox 555 1083 774 1138; x_wconf 79' lang='grc' dir='ltr'>κανηφόρους</span> <span class='ocrx_word' id='word_1_149' title='bbox 793 1081 983 1137; x_wconf 82' lang='grc' dir='ltr'>παρθένους</span> <span class='ocrx_word' id='word_1_150' title='bbox 1008 1081 1074 1135; x_wconf 79' lang='grc' dir='ltr'>ἥρ-</span> 
     </span>
     <span class='ocr_line' id='line_1_18' title="bbox 39 1141 844 1197; baseline -0.007 -11"><span class='ocrx_word' id='word_1_151' title='bbox 39 1162 172 1186; x_wconf 87' lang='grc' dir='ltr'>πασαν.</span> <span class='ocrx_word' id='word_1_152' title='bbox 189 1146 355 1186; x_wconf 88' lang='grc' dir='ltr'>Σίνεσθαι</span> <span class='ocrx_word' id='word_1_153' title='bbox 374 1143 411 1183; x_wconf 83' lang='grc' dir='ltr'>δὲ</span> <span class='ocrx_word' id='word_1_154' title='bbox 427 1143 467 1183; x_wconf 86' lang='grc' dir='ltr'>τὸ</span> <span class='ocrx_word' id='word_1_155' title='bbox 489 1143 656 1197; x_wconf 83' lang='grc' dir='ltr'>βλάπτειν</span> <span class='ocrx_word' id='word_1_156' title='bbox 669 1141 844 1194; x_wconf 83' lang='grc' dir='ltr'>λέγουσιν.</span> 
     </span>
    </p>

    <p class='ocr_par' dir='ltr' id='par_1_7' title="bbox 549 1209 585 1246">
     <span class='ocr_line' id='line_1_19' title="bbox 549 1209 585 1246; baseline 0 0"><span class='ocrx_word' id='word_1_157' title='bbox 549 1209 585 1246; x_wconf 90' lang='grc'>7.</span> 
     </span>
    </p>

    <p class='ocr_par' dir='ltr' id='par_1_8' title="bbox 43 1268 1088 1800">
     <span class='ocr_line' id='line_1_20' title="bbox 97 1268 1082 1320; baseline -0.008 -10"><span class='ocrx_word' id='word_1_158' title='bbox 97 1272 250 1310; x_wconf 90' lang='lat' dir='ltr'>Servius</span> <span class='ocrx_word' id='word_1_159' title='bbox 265 1270 312 1308; x_wconf 83' lang='lat' dir='ltr'>ad</span> <span class='ocrx_word' id='word_1_160' title='bbox 324 1270 458 1320; x_wconf 83' lang='lat' dir='ltr'>Virgil.</span> <span class='ocrx_word' id='word_1_161' title='bbox 479 1271 565 1306; x_wconf 90' lang='lat' dir='ltr'>AEn.</span> <span class='ocrx_word' id='word_1_162' title='bbox 601 1271 709 1316; x_wconf 84' lang='lat' dir='ltr'>VIII,</span> <span class='ocrx_word' id='word_1_163' title='bbox 726 1268 821 1305; x_wconf 89' lang='lat'>600:</span> <span class='ocrx_word' id='word_1_164' title='bbox 843 1268 1082 1304; x_wconf 77' lang='lat' dir='ltr'><em>Philochorus</em></span> 
     </span>
     <span class='ocr_line' id='line_1_21' title="bbox 43 1329 1082 1379; baseline -0.006 -9"><span class='ocrx_word' id='word_1_165' title='bbox 43 1337 110 1378; x_wconf 89' lang='lat' dir='ltr'>ait,</span> <span class='ocrx_word' id='word_1_166' title='bbox 136 1334 214 1369; x_wconf 84' lang='lat' dir='ltr'>ideo</span> <span class='ocrx_word' id='word_1_167' title='bbox 238 1334 443 1368; x_wconf 82' lang='lat' dir='ltr'>nominatos</span> <span class='ocrx_word' id='word_1_168' title='bbox 458 1330 653 1379; x_wconf 79' lang='lat' dir='ltr'>Pelasgos,</span> <span class='ocrx_word' id='word_1_169' title='bbox 672 1329 772 1377; x_wconf 84' lang='lat' dir='ltr'>quod</span> <span class='ocrx_word' id='word_1_170' title='bbox 802 1330 895 1364; x_wconf 80' lang='lat' dir='ltr'>velis</span> <span class='ocrx_word' id='word_1_171' title='bbox 914 1337 951 1364; x_wconf 83' lang='lat' dir='ltr'>et</span> <span class='ocrx_word' id='word_1_172' title='bbox 966 1341 1082 1364; x_wconf 82' lang='lat' dir='ltr'>verno</span> 
     </span>
     <span class='ocr_line' id='line_1_22' title="bbox 45 1387 1083 1442; baseline -0.006 -12"><span class='ocrx_word' id='word_1_173' title='bbox 45 1402 206 1442; x_wconf 81' lang='lat' dir='ltr'>tempore</span> <span class='ocrx_word' id='word_1_174' title='bbox 234 1392 406 1428; x_wconf 76' lang='lat' dir='ltr'>advenire</span> <span class='ocrx_word' id='word_1_175' title='bbox 439 1392 513 1426; x_wconf 79' lang='lat' dir='ltr'>visi</span> <span class='ocrx_word' id='word_1_176' title='bbox 538 1396 635 1434; x_wconf 78' lang='lat' dir='ltr'>sunt,</span> <span class='ocrx_word' id='word_1_177' title='bbox 674 1396 716 1424; x_wconf 80' lang='lat' dir='ltr'>ut</span> <span class='ocrx_word' id='word_1_178' title='bbox 741 1401 837 1424; x_wconf 76' lang='lat' dir='ltr'>aves.</span> <span class='ocrx_word' id='word_1_179' title='bbox 861 1390 930 1425; x_wconf 88' lang='lat' dir='ltr'>Est</span> <span class='ocrx_word' id='word_1_180' title='bbox 950 1387 1083 1425; x_wconf 88' lang='lat' dir='ltr'>Philo-</span> 
     </span>
     <span class='ocr_line' id='line_1_23' title="bbox 45 1446 1085 1498; baseline -0.006 -9"><span class='ocrx_word' id='word_1_181' title='bbox 45 1451 186 1489; x_wconf 85' lang='lat' dir='ltr'><strong>chorus</strong></span> <span class='ocrx_word' id='word_1_182' title='bbox 204 1463 253 1488; x_wconf 83' lang='lat' dir='ltr'>ex</span> <span class='ocrx_word' id='word_1_183' title='bbox 275 1462 409 1487; x_wconf 89' lang='lat' dir='ltr'>eorum</span> <span class='ocrx_word' id='word_1_184' title='bbox 437 1460 613 1497; x_wconf 89' lang='lat' dir='ltr'>numero,</span> <span class='ocrx_word' id='word_1_185' title='bbox 631 1459 731 1497; x_wconf 91' lang='lat' dir='ltr'>quos</span> <span class='ocrx_word' id='word_1_186' title='bbox 749 1446 887 1484; x_wconf 81' lang='lat' dir='ltr'>Strabo</span> <span class='ocrx_word' id='word_1_187' title='bbox 907 1446 1085 1498; x_wconf 80' lang='lat' dir='ltr'>intelligit</span> 
     </span>
     <span class='ocr_line' id='line_1_24' title="bbox 45 1503 1085 1560; baseline -0.004 -13"><span class='ocrx_word' id='word_1_188' title='bbox 45 1512 92 1557; x_wconf 97' lang='lat' dir='ltr'>V,</span> <span class='ocrx_word' id='word_1_189' title='bbox 109 1524 147 1560; x_wconf 86' lang='lat' dir='ltr'>p.</span> <span class='ocrx_word' id='word_1_190' title='bbox 168 1507 345 1558; x_wconf 67' lang='lat' dir='ltr'>339„ubi</span> <span class='ocrx_word' id='word_1_191' title='bbox 369 1506 487 1544; x_wconf 87' lang='lat' dir='ltr'>dicit:</span> <span class='ocrx_word' id='word_1_192' title='bbox 508 1507 555 1544; x_wconf 80' lang='grc' dir='ltr'>Οἳ</span> <span class='ocrx_word' id='word_1_193' title='bbox 573 1503 637 1551; x_wconf 87' lang='grc' dir='ltr'>τὴν</span> <span class='ocrx_word' id='word_1_194' title='bbox 662 1503 802 1543; x_wconf 82' lang='grc' dir='ltr'>Ἀτθίδα</span> <span class='ocrx_word' id='word_1_195' title='bbox 825 1505 1085 1558; x_wconf 79' lang='grc' dir='ltr'>συγγράψαντες</span> 
     </span>
     <span class='ocr_line' id='line_1_25' title="bbox 47 1562 1083 1621; baseline -0.005 -15"><span class='ocrx_word' id='word_1_196' title='bbox 47 1569 225 1621; x_wconf 79' lang='grc' dir='ltr'>ἱστοροῦσι</span> <span class='ocrx_word' id='word_1_197' title='bbox 242 1565 322 1620; x_wconf 79' lang='grc' dir='ltr'>περὶ</span> <span class='ocrx_word' id='word_1_198' title='bbox 348 1567 417 1603; x_wconf 86' lang='grc' dir='ltr'>τῶν</span> <span class='ocrx_word' id='word_1_199' title='bbox 438 1565 635 1614; x_wconf 82' lang='grc' dir='ltr'>Πελασγῶν</span> <span class='ocrx_word' id='word_1_200' title='bbox 648 1593 658 1610; x_wconf 92' lang='grc'>,</span> <span class='ocrx_word' id='word_1_201' title='bbox 681 1565 726 1606; x_wconf 83' lang='grc' dir='ltr'>ὡς</span> <span class='ocrx_word' id='word_1_202' title='bbox 751 1563 811 1602; x_wconf 79' lang='grc' dir='ltr'>καὶ</span> <span class='ocrx_word' id='word_1_203' title='bbox 832 1562 998 1611; x_wconf 83' lang='grc' dir='ltr'>Ἀθήνησι</span> <span class='ocrx_word' id='word_1_204' title='bbox 1019 1580 1083 1616; x_wconf 88' lang='grc' dir='ltr'>γε-</span> 
     </span>
     <span class='ocr_line' id='line_1_26' title="bbox 49 1617 1086 1679; baseline -0.005 -13"><span class='ocrx_word' id='word_1_205' title='bbox 49 1625 205 1679; x_wconf 84' lang='grc' dir='ltr'>νομένων</span> <span class='ocrx_word' id='word_1_206' title='bbox 238 1627 307 1664; x_wconf 85' lang='grc' dir='ltr'>τῶν</span> <span class='ocrx_word' id='word_1_207' title='bbox 342 1625 557 1675; x_wconf 84' lang='grc' dir='ltr'>Πελασγῶν·</span> <span class='ocrx_word' id='word_1_208' title='bbox 576 1621 634 1661; x_wconf 79' lang='grc' dir='ltr'>διὰ</span> <span class='ocrx_word' id='word_1_209' title='bbox 664 1621 700 1661; x_wconf 84' lang='grc' dir='ltr'>δὲ</span> <span class='ocrx_word' id='word_1_210' title='bbox 723 1622 763 1661; x_wconf 84' lang='grc' dir='ltr'>τὸ</span> <span class='ocrx_word' id='word_1_211' title='bbox 784 1622 965 1670; x_wconf 83' lang='grc' dir='ltr'>πλανήτας</span> <span class='ocrx_word' id='word_1_212' title='bbox 999 1617 1086 1662; x_wconf 66' lang='grc' dir='ltr'>εἶναι</span> 
     </span>
     <span class='ocr_line' id='line_1_27' title="bbox 50 1681 1088 1738; baseline -0.003 -13"><span class='ocrx_word' id='word_1_213' title='bbox 50 1685 111 1725; x_wconf 78' lang='grc' dir='ltr'>καὶ</span> <span class='ocrx_word' id='word_1_214' title='bbox 129 1684 229 1733; x_wconf 87' lang='grc' dir='ltr'>δίκην</span> <span class='ocrx_word' id='word_1_215' title='bbox 249 1684 377 1738; x_wconf 84' lang='grc' dir='ltr'>ὄρνεων</span> <span class='ocrx_word' id='word_1_216' title='bbox 395 1685 576 1736; x_wconf 79' lang='grc' dir='ltr'>ἐπιφοιτᾶν</span> <span class='ocrx_word' id='word_1_217' title='bbox 591 1682 646 1737; x_wconf 83' lang='grc' dir='ltr'>ἐφ’</span> <span class='ocrx_word' id='word_1_218' title='bbox 663 1681 720 1726; x_wconf 72' lang='grc' dir='ltr'>οὓς</span> <span class='ocrx_word' id='word_1_219' title='bbox 735 1681 838 1735; x_wconf 86' lang='grc' dir='ltr'>ἔτυχε</span> <span class='ocrx_word' id='word_1_220' title='bbox 858 1682 1004 1731; x_wconf 87' lang='grc' dir='ltr'>τόπους,</span> <span class='ocrx_word' id='word_1_221' title='bbox 1023 1700 1088 1722; x_wconf 88' lang='grc' dir='ltr'>πε-</span> 
     </span>
     <span class='ocr_line' id='line_1_28' title="bbox 50 1743 763 1800; baseline -0.004 -16"><span class='ocrx_word' id='word_1_222' title='bbox 50 1744 199 1800; x_wconf 74' lang='grc' dir='ltr'>λαργοὺς</span> <span class='ocrx_word' id='word_1_223' title='bbox 216 1743 284 1783; x_wconf 79' lang='grc' dir='ltr'>ὑπὸ</span> <span class='ocrx_word' id='word_1_224' title='bbox 300 1744 369 1782; x_wconf 84' lang='grc' dir='ltr'>τῶν</span> <span class='ocrx_word' id='word_1_225' title='bbox 389 1743 557 1782; x_wconf 82' lang='grc' dir='ltr'>Ἀττικῶν</span> <span class='ocrx_word' id='word_1_226' title='bbox 580 1743 763 1790; x_wconf 76' lang='grc' dir='ltr'>κληθῆναι.</span> 
     </span>
    </p>

    <p class='ocr_par' dir='ltr' id='par_1_9' title="bbox 412 1801 599 1847">
     <span class='ocr_line' id='line_1_29' title="bbox 412 1801 599 1847; baseline 0 0"><span class='ocrx_word' id='word_1_227' title='bbox 412 1801 416 1804; x_wconf 84' lang='lat'>.</span> <span class='ocrx_word' id='word_1_228' title='bbox 562 1808 599 1847; x_wconf 92' lang='grc'>8.</span> 
     </span>
    </p>

    <p class='ocr_par' dir='ltr' id='par_1_10' title="bbox 53 1869 1094 2100">
     <span class='ocr_line' id='line_1_30' title="bbox 106 1869 1090 1921; baseline 0 -12"><span class='ocrx_word' id='word_1_229' title='bbox 106 1869 295 1909; x_wconf 85' lang='lat' dir='ltr'><strong>Eusebius</strong></span> <span class='ocrx_word' id='word_1_230' title='bbox 307 1873 430 1920; x_wconf 91' lang='lat' dir='ltr'>Praep.</span> <span class='ocrx_word' id='word_1_231' title='bbox 445 1871 591 1919; x_wconf 85' lang='lat' dir='ltr'>Evang.</span> <span class='ocrx_word' id='word_1_232' title='bbox 606 1871 657 1916; x_wconf 87' lang='lat' dir='ltr'>X,</span> <span class='ocrx_word' id='word_1_233' title='bbox 676 1882 739 1917; x_wconf 87' lang='lat'>10,</span> <span class='ocrx_word' id='word_1_234' title='bbox 763 1883 800 1921; x_wconf 92' lang='lat' dir='ltr'>p.</span> <span class='ocrx_word' id='word_1_235' title='bbox 821 1870 908 1920; x_wconf 79' lang='lat'>489,</span> <span class='ocrx_word' id='word_1_236' title='bbox 920 1884 967 1907; x_wconf 86' lang='lat' dir='ltr'>ex</span> <span class='ocrx_word' id='word_1_237' title='bbox 986 1873 1007 1908; x_wconf 89' lang='lat' dir='ltr'>J</span> <span class='ocrx_word' id='word_1_238' title='bbox 1012 1871 1090 1909; x_wconf 91' lang='lat' dir='ltr'>ulio</span> 
     </span>
     <span class='ocr_line' id='line_1_31' title="bbox 53 1926 1089 1981; baseline -0.002 -12"><span class='ocrx_word' id='word_1_239' title='bbox 53 1930 231 1969; x_wconf 83' lang='lat' dir='ltr'>Africano</span> <span class='ocrx_word' id='word_1_240' title='bbox 248 1929 324 1967; x_wconf 85' lang='lat' dir='ltr'>haec</span> <span class='ocrx_word' id='word_1_241' title='bbox 343 1929 479 1966; x_wconf 85' lang='lat' dir='ltr'>affert:</span> <span class='ocrx_word' id='word_1_242' title='bbox 498 1926 584 1966; x_wconf 85' lang='grc' dir='ltr'>Ἀπὸ</span> <span class='ocrx_word' id='word_1_243' title='bbox 597 1926 754 1979; x_wconf 85' lang='grc' dir='ltr'>Ὠγύγου</span> <span class='ocrx_word' id='word_1_244' title='bbox 770 1958 780 1976; x_wconf 93' lang='grc'>,</span> <span class='ocrx_word' id='word_1_245' title='bbox 803 1932 865 1966; x_wconf 77' lang='grc' dir='ltr'>τοῦ</span> <span class='ocrx_word' id='word_1_246' title='bbox 893 1928 976 1981; x_wconf 83' lang='grc' dir='ltr'>παρ’</span> <span class='ocrx_word' id='word_1_247' title='bbox 995 1928 1089 1967; x_wconf 82' lang='grc' dir='ltr'>ἐκεί-</span> 
     </span>
     <span class='ocr_line' id='line_1_32' title="bbox 54 1982 1091 2042; baseline -0.002 -14"><span class='ocrx_word' id='word_1_248' title='bbox 54 2005 124 2032; x_wconf 87' lang='grc' dir='ltr'>νοις</span> <span class='ocrx_word' id='word_1_249' title='bbox 140 1988 332 2039; x_wconf 84' lang='grc' dir='ltr'>(Ἀττικοῖς)</span> <span class='ocrx_word' id='word_1_250' title='bbox 344 1985 548 2039; x_wconf 80' lang='grc' dir='ltr'>αὐτόχθονος</span> <span class='ocrx_word' id='word_1_251' title='bbox 566 1985 820 2034; x_wconf 80' lang='grc' dir='ltr'>πιστευθέντος,</span> <span class='ocrx_word' id='word_1_252' title='bbox 830 1987 883 2042; x_wconf 82' lang='grc' dir='ltr'>ἐφ’</span> <span class='ocrx_word' id='word_1_253' title='bbox 895 1982 935 2025; x_wconf 69' lang='grc' dir='ltr'>οἷ</span> <span class='ocrx_word' id='word_1_254' title='bbox 951 1986 1091 2040; x_wconf 84' lang='grc' dir='ltr'>γέγονεν</span> 
     </span>
     <span class='ocr_line' id='line_1_33' title="bbox 55 2045 1094 2100; baseline 0.001 -15"><span class='ocrx_word' id='word_1_255' title='bbox 55 2052 74 2088; x_wconf 87' lang='grc' dir='ltr'>ὁ</span> <span class='ocrx_word' id='word_1_256' title='bbox 85 2046 194 2100; x_wconf 87' lang='grc' dir='ltr'>μέγας</span> <span class='ocrx_word' id='word_1_257' title='bbox 204 2045 264 2085; x_wconf 72' lang='grc' dir='ltr'>καὶ</span> <span class='ocrx_word' id='word_1_258' title='bbox 279 2048 417 2100; x_wconf 84' lang='grc' dir='ltr'>πρῶτος</span> <span class='ocrx_word' id='word_1_259' title='bbox 430 2047 465 2084; x_wconf 83' lang='grc' dir='ltr'>ἓν</span> <span class='ocrx_word' id='word_1_260' title='bbox 479 2048 523 2099; x_wconf 83' lang='grc' dir='ltr'>τῇ</span> <span class='ocrx_word' id='word_1_261' title='bbox 541 2045 679 2098; x_wconf 82' lang='grc' dir='ltr'>Ἀττικῇ</span> <span class='ocrx_word' id='word_1_262' title='bbox 693 2046 954 2098; x_wconf 80' lang='grc' dir='ltr'>κατακλυσμὸς,</span> <span class='ocrx_word' id='word_1_263' title='bbox 966 2048 1094 2100; x_wconf 85' lang='grc' dir='ltr'>Φορω-</span> 
     </span>
    </p>

    <p class='ocr_par' dir='ltr' id='par_1_11' title="bbox 39 2104 1094 2279">
     <span class='ocr_line' id='line_1_34' title="bbox 39 2104 1093 2163; baseline 0.001 -17"><span class='ocrx_word' id='word_1_264' title='bbox 39 2107 142 2152; x_wconf 88' lang='grc' dir='ltr'>-νέως</span> <span class='ocrx_word' id='word_1_265' title='bbox 156 2106 324 2163; x_wconf 55' lang='grc' dir='ltr'>Ἀργείων</span> <span class='ocrx_word' id='word_1_266' title='bbox 346 2104 608 2159; x_wconf 88' lang='grc' dir='ltr'>βασιλεύοντος,</span> <span class='ocrx_word' id='word_1_267' title='bbox 627 2107 674 2148; x_wconf 85' lang='grc' dir='ltr'>ὡς</span> <span class='ocrx_word' id='word_1_268' title='bbox 688 2105 910 2152; x_wconf 78' lang='grc' dir='ltr'>Ἀκουσίλαος</span> <span class='ocrx_word' id='word_1_269' title='bbox 943 2109 1093 2161; x_wconf 82' lang='grc' dir='ltr'>ἱστορεῖ,</span> 
     </span>
     <span class='ocr_line' id='line_1_35' title="bbox 59 2162 1094 2222; baseline 0.001 -16"><span class='ocrx_word' id='word_1_270' title='bbox 59 2167 164 2221; x_wconf 87' lang='grc' dir='ltr'>μέχρι</span> <span class='ocrx_word' id='word_1_271' title='bbox 181 2165 323 2220; x_wconf 85' lang='grc' dir='ltr'>πρώτης</span> <span class='ocrx_word' id='word_1_272' title='bbox 339 2165 593 2218; x_wconf 77' lang='grc' dir='ltr'>Ὀλυμπιάδος,</span> <span class='ocrx_word' id='word_1_273' title='bbox 608 2162 915 2214; x_wconf 66' lang='grc' dir='ltr'>ὁπόθεν“Ελληνες</span> <span class='ocrx_word' id='word_1_274' title='bbox 928 2167 1094 2222; x_wconf 73' lang='grc' dir='ltr'>ἀκριὸοῦν</span> 
     </span>
     <span class='ocr_line' id='line_1_36' title="bbox 58 2223 1094 2279; baseline 0.003 -16"><span class='ocrx_word' id='word_1_275' title='bbox 58 2225 135 2269; x_wconf 79' lang='grc' dir='ltr'>τοὺς</span> <span class='ocrx_word' id='word_1_276' title='bbox 151 2224 295 2279; x_wconf 77' lang='grc' dir='ltr'>χρόνους</span> <span class='ocrx_word' id='word_1_277' title='bbox 317 2223 496 2276; x_wconf 79' lang='grc' dir='ltr'>ἐνόμισαν,</span> <span class='ocrx_word' id='word_1_278' title='bbox 520 2223 580 2272; x_wconf 85' lang='grc' dir='ltr'>ἔτη</span> <span class='ocrx_word' id='word_1_279' title='bbox 598 2224 785 2276; x_wconf 85' lang='grc' dir='ltr'>συνάγεται</span> <span class='ocrx_word' id='word_1_280' title='bbox 803 2225 903 2278; x_wconf 86' lang='grc' dir='ltr'>χίλια</span> <span class='ocrx_word' id='word_1_281' title='bbox 926 2226 1094 2267; x_wconf 86' lang='grc' dir='ltr'>εἴκοσι....</span> 
     </span>
    </p>
   </div>
   <div class='ocr_carea' id='block_1_5' title="bbox 1125 478 2205 1350">
    <p class='ocr_par' dir='ltr' id='par_1_12' title="bbox 1125 478 2205 808">
     <span class='ocr_line' id='line_1_37' title="bbox 1125 478 2164 535; baseline -0.006 -12"><span class='ocrx_word' id='word_1_282' title='bbox 1125 483 1283 535; x_wconf 84' lang='grc' dir='ltr'>”Ωγυγον</span> <span class='ocrx_word' id='word_1_283' title='bbox 1304 482 1359 521; x_wconf 76' lang='grc' dir='ltr'>διὰ</span> <span class='ocrx_word' id='word_1_284' title='bbox 1378 482 1442 530; x_wconf 87' lang='grc' dir='ltr'>τὴν</span> <span class='ocrx_word' id='word_1_285' title='bbox 1472 482 1541 522; x_wconf 81' lang='grc' dir='ltr'>ἀπὸ</span> <span class='ocrx_word' id='word_1_286' title='bbox 1570 486 1630 523; x_wconf 81' lang='grc' dir='ltr'>τοῦ</span> <span class='ocrx_word' id='word_1_287' title='bbox 1653 483 1905 533; x_wconf 78' lang='grc' dir='ltr'>κατακλυσμοῦ</span> <span class='ocrx_word' id='word_1_288' title='bbox 1925 478 2058 526; x_wconf 85' lang='grc' dir='ltr'>πολλὴν</span> <span class='ocrx_word' id='word_1_289' title='bbox 2080 482 2164 533; x_wconf 78' lang='grc' dir='ltr'>φθο-</span> 
     </span>
     <span class='ocr_line' id='line_1_38' title="bbox 1129 538 2164 596; baseline -0.005 -15"><span class='ocrx_word' id='word_1_290' title='bbox 1129 541 1190 596; x_wconf 84' lang='grc' dir='ltr'>ρὰν</span> <span class='ocrx_word' id='word_1_291' title='bbox 1212 541 1439 586; x_wconf 70' lang='grc' dir='ltr'>ἀὸασίλευτος</span> <span class='ocrx_word' id='word_1_292' title='bbox 1457 541 1590 594; x_wconf 80' lang='grc' dir='ltr'>ἔμεινεν</span> <span class='ocrx_word' id='word_1_293' title='bbox 1611 545 1633 588; x_wconf 81' lang='grc' dir='ltr'>ἡ</span> <span class='ocrx_word' id='word_1_294' title='bbox 1653 545 1712 579; x_wconf 91' lang='grc' dir='ltr'>νῦν</span> <span class='ocrx_word' id='word_1_295' title='bbox 1730 539 1869 587; x_wconf 85' lang='grc' dir='ltr'>Ἀττικὴ</span> <span class='ocrx_word' id='word_1_296' title='bbox 1896 538 2001 593; x_wconf 84' lang='grc' dir='ltr'>μέχρι</span> <span class='ocrx_word' id='word_1_297' title='bbox 2028 538 2164 593; x_wconf 89' lang='grc' dir='ltr'>Κέκρο-</span> 
     </span>
     <span class='ocr_line' id='line_1_39' title="bbox 1129 596 2166 655; baseline -0.002 -17"><span class='ocrx_word' id='word_1_298' title='bbox 1129 616 1191 643; x_wconf 92' lang='grc' dir='ltr'>πος</span> <span class='ocrx_word' id='word_1_299' title='bbox 1211 598 1275 647; x_wconf 84' lang='grc' dir='ltr'>ἔτη</span> <span class='ocrx_word' id='word_1_300' title='bbox 1296 598 1386 652; x_wconf 79' lang='grc' dir='ltr'>ρπθ’.</span> <span class='ocrx_word' id='word_1_301' title='bbox 1413 600 1485 639; x_wconf 83' lang='grc' dir='ltr'>Τὸν</span> <span class='ocrx_word' id='word_1_302' title='bbox 1505 600 1573 655; x_wconf 83' lang='grc' dir='ltr'>γὰρ</span> <span class='ocrx_word' id='word_1_303' title='bbox 1594 599 1683 651; x_wconf 81' lang='grc' dir='ltr'>μετὰ</span> <span class='ocrx_word' id='word_1_304' title='bbox 1701 599 1859 652; x_wconf 83' lang='grc' dir='ltr'>Ὤγυγον</span> <span class='ocrx_word' id='word_1_305' title='bbox 1887 599 2058 647; x_wconf 86' lang='grc' dir='ltr'>Ἀκταῖον,</span> <span class='ocrx_word' id='word_1_306' title='bbox 2078 597 2101 645; x_wconf 83' lang='grc' dir='ltr'>ἢ</span> <span class='ocrx_word' id='word_1_307' title='bbox 2123 596 2166 636; x_wconf 80' lang='grc' dir='ltr'>τὰ</span> 
     </span>
     <span class='ocr_line' id='line_1_40' title="bbox 1129 656 2205 711; baseline -0.003 -13"><span class='ocrx_word' id='word_1_308' title='bbox 1129 657 1361 710; x_wconf 87' lang='grc' dir='ltr'>πλασσόμενα</span> <span class='ocrx_word' id='word_1_309' title='bbox 1377 661 1446 697; x_wconf 87' lang='grc' dir='ltr'>τῶν</span> <span class='ocrx_word' id='word_1_310' title='bbox 1467 659 1663 710; x_wconf 80' lang='grc' dir='ltr'>ὀνομάτων,</span> <span class='ocrx_word' id='word_1_311' title='bbox 1682 658 1760 697; x_wconf 79' lang='grc' dir='ltr'>οὐδὲ</span> <span class='ocrx_word' id='word_1_312' title='bbox 1778 657 1938 710; x_wconf 85' lang='grc' dir='ltr'>γενέσθαι</span> <span class='ocrx_word' id='word_1_313' title='bbox 1952 657 2037 711; x_wconf 77' lang='grc' dir='ltr'>φησὶ</span> <span class='ocrx_word' id='word_1_314' title='bbox 2054 656 2167 696; x_wconf 89' lang='grc' dir='ltr'>Φιλό-</span> <span class='ocrx_word' id='word_1_315' title='bbox 2203 693 2205 696; x_wconf 78' lang='grc'>,</span> 
     </span>
     <span class='ocr_line' id='line_1_41' title="bbox 1130 734 1682 808; baseline -0.005 -36"><span class='ocrx_word' id='word_1_316' title='bbox 1130 734 1244 773; x_wconf 67' lang='grc' dir='ltr'>χορος·</span> <span class='ocrx_word' id='word_1_317' title='bbox 1643 766 1682 808; x_wconf 69' lang='lat' dir='ltr'>q.</span> 
     </span>
    </p>

    <p class='ocr_par' dir='ltr' id='par_1_13' title="bbox 1135 824 2175 1174">
     <span class='ocr_line' id='line_1_42' title="bbox 1186 824 2168 876; baseline -0.003 -12"><span class='ocrx_word' id='word_1_318' title='bbox 1186 826 1325 865; x_wconf 86' lang='lat' dir='ltr'>Justin.</span> <span class='ocrx_word' id='word_1_319' title='bbox 1344 829 1455 864; x_wconf 83' lang='lat' dir='ltr'>Mart.</span> <span class='ocrx_word' id='word_1_320' title='bbox 1473 824 1566 863; x_wconf 89' lang='lat' dir='ltr'>Coh.</span> <span class='ocrx_word' id='word_1_321' title='bbox 1594 824 1642 862; x_wconf 83' lang='lat' dir='ltr'>ad</span> <span class='ocrx_word' id='word_1_322' title='bbox 1657 829 1776 863; x_wconf 83' lang='lat' dir='ltr'>Graec.</span> <span class='ocrx_word' id='word_1_323' title='bbox 1799 839 1836 876; x_wconf 84' lang='lat' dir='ltr'>p.</span> <span class='ocrx_word' id='word_1_324' title='bbox 1860 838 1884 874; x_wconf 85' lang='lat'><strong>9</strong></span> <span class='ocrx_word' id='word_1_325' title='bbox 1900 838 1956 875; x_wconf 77' lang='lat' dir='ltr'>sq,</span> <span class='ocrx_word' id='word_1_326' title='bbox 1973 824 2033 862; x_wconf 89' lang='lat' dir='ltr'>ed.</span> <span class='ocrx_word' id='word_1_327' title='bbox 2064 825 2168 869; x_wconf 64' lang='lat' dir='ltr'>Par„</span> 
     </span>
     <span class='ocr_line' id='line_1_43' title="bbox 1135 880 2170 936; baseline -0.003 -14"><span class='ocrx_word' id='word_1_328' title='bbox 1135 899 1175 936; x_wconf 89' lang='lat' dir='ltr'>p.</span> <span class='ocrx_word' id='word_1_329' title='bbox 1201 899 1260 933; x_wconf 89' lang='lat'>10,</span> <span class='ocrx_word' id='word_1_330' title='bbox 1288 884 1350 922; x_wconf 88' lang='lat' dir='ltr'>ed.</span> <span class='ocrx_word' id='word_1_331' title='bbox 1376 885 1512 922; x_wconf 90' lang='lat' dir='ltr'>Colon.</span> <span class='ocrx_word' id='word_1_332' title='bbox 1550 884 1648 921; x_wconf 83' lang='lat'>1686</span> <span class='ocrx_word' id='word_1_333' title='bbox 1670 898 1678 920; x_wconf 74' lang='grc' dir='ltr'>ι</span> <span class='ocrx_word' id='word_1_334' title='bbox 1701 883 1773 922; x_wconf 74' lang='grc' dir='ltr'>Καὶ</span> <span class='ocrx_word' id='word_1_335' title='bbox 1800 886 1830 922; x_wconf 82' lang='grc' dir='ltr'>οἳ</span> <span class='ocrx_word' id='word_1_336' title='bbox 1856 882 1901 921; x_wconf 80' lang='grc' dir='ltr'>τὰ</span> <span class='ocrx_word' id='word_1_337' title='bbox 1924 882 2112 930; x_wconf 85' lang='grc' dir='ltr'>Ἀθηναίων</span> <span class='ocrx_word' id='word_1_338' title='bbox 2134 880 2170 919; x_wconf 81' lang='grc' dir='ltr'>δὲ</span> 
     </span>
     <span class='ocr_line' id='line_1_44' title="bbox 1135 941 2172 997; baseline -0.003 -15"><span class='ocrx_word' id='word_1_339' title='bbox 1135 941 1588 997; x_wconf 77' lang='grc' dir='ltr'>ἱστοροῦντες,Ἑλλάνικός</span> <span class='ocrx_word' id='word_1_340' title='bbox 1599 958 1638 980; x_wconf 88' lang='grc' dir='ltr'>τε</span> <span class='ocrx_word' id='word_1_341' title='bbox 1654 942 1714 980; x_wconf 80' lang='grc' dir='ltr'>καὶ</span> <span class='ocrx_word' id='word_1_342' title='bbox 1727 942 1944 996; x_wconf 85' lang='grc' dir='ltr'>Φιλόχορος,</span> <span class='ocrx_word' id='word_1_343' title='bbox 1955 944 1986 980; x_wconf 80' lang='grc' dir='ltr'>οἱ</span> <span class='ocrx_word' id='word_1_344' title='bbox 2002 941 2065 987; x_wconf 81' lang='grc' dir='ltr'>τὰς</span> <span class='ocrx_word' id='word_1_345' title='bbox 2086 941 2172 980; x_wconf 83' lang='grc' dir='ltr'>Ἀτ-</span> 
     </span>
     <span class='ocr_line' id='line_1_45' title="bbox 1137 999 2174 1055; baseline -0.004 -13"><span class='ocrx_word' id='word_1_346' title='bbox 1137 1003 1246 1052; x_wconf 88' lang='grc' dir='ltr'>θίδας,</span> <span class='ocrx_word' id='word_1_347' title='bbox 1268 1002 1423 1055; x_wconf 87' lang='grc' dir='ltr'>Κάστωρ</span> <span class='ocrx_word' id='word_1_348' title='bbox 1441 1017 1479 1040; x_wconf 91' lang='grc' dir='ltr'>τε</span> <span class='ocrx_word' id='word_1_349' title='bbox 1498 1001 1558 1040; x_wconf 76' lang='grc' dir='ltr'>καὶ</span> <span class='ocrx_word' id='word_1_350' title='bbox 1576 1000 1716 1045; x_wconf 79' lang='grc' dir='ltr'>Θαλλὸς</span> <span class='ocrx_word' id='word_1_351' title='bbox 1745 1001 1804 1039; x_wconf 78' lang='grc' dir='ltr'>καὶ</span> <span class='ocrx_word' id='word_1_352' title='bbox 1820 999 2040 1055; x_wconf 83' lang='grc' dir='ltr'>Ἀλέξανδρος</span> <span class='ocrx_word' id='word_1_353' title='bbox 2056 1003 2074 1039; x_wconf 86' lang='grc' dir='ltr'>ὁ</span> <span class='ocrx_word' id='word_1_354' title='bbox 2094 1002 2174 1038; x_wconf 84' lang='grc' dir='ltr'>Πο-</span> 
     </span>
     <span class='ocr_line' id='line_1_46' title="bbox 1136 1059 2175 1116; baseline -0.003 -16"><span class='ocrx_word' id='word_1_355' title='bbox 1136 1061 1290 1116; x_wconf 80' lang='grc' dir='ltr'>λυΐστωρ</span> <span class='ocrx_word' id='word_1_356' title='bbox 1357 1064 1404 1105; x_wconf 81' lang='grc' dir='ltr'>ὡς</span> <span class='ocrx_word' id='word_1_357' title='bbox 1424 1060 1557 1116; x_wconf 85' lang='grc' dir='ltr'>σφόδρα</span> <span class='ocrx_word' id='word_1_358' title='bbox 1581 1061 1730 1114; x_wconf 88' lang='grc' dir='ltr'>ἀρχαίου</span> <span class='ocrx_word' id='word_1_359' title='bbox 1748 1060 1806 1098; x_wconf 81' lang='grc' dir='ltr'>καὶ</span> <span class='ocrx_word' id='word_1_360' title='bbox 1823 1062 1973 1098; x_wconf 77' lang='grc' dir='ltr'>παλαιοῦ</span> <span class='ocrx_word' id='word_1_361' title='bbox 1993 1062 2062 1098; x_wconf 89' lang='grc' dir='ltr'>τῶν</span> <span class='ocrx_word' id='word_1_362' title='bbox 2083 1059 2175 1098; x_wconf 86' lang='grc' dir='ltr'>Ἰου-</span> 
     </span>
     <span class='ocr_line' id='line_1_47' title="bbox 1139 1118 1837 1174; baseline -0.004 -14"><span class='ocrx_word' id='word_1_363' title='bbox 1139 1120 1245 1160; x_wconf 88' lang='grc' dir='ltr'>δαίων</span> <span class='ocrx_word' id='word_1_364' title='bbox 1263 1120 1430 1174; x_wconf 87' lang='grc' dir='ltr'>ἄρχοντος</span> <span class='ocrx_word' id='word_1_365' title='bbox 1448 1118 1608 1163; x_wconf 85' lang='grc' dir='ltr'>Μωσέως</span> <span class='ocrx_word' id='word_1_366' title='bbox 1627 1119 1837 1171; x_wconf 87' lang='grc' dir='ltr'>μέμνηνται.</span> 
     </span>
    </p>

    <p class='ocr_par' dir='ltr' id='par_1_14' title="bbox 1142 1179 2175 1350">
     <span class='ocr_line' id='line_1_48' title="bbox 1193 1179 2174 1232; baseline -0.004 -13"><span class='ocrx_word' id='word_1_367' title='bbox 1193 1185 1280 1220; x_wconf 83' lang='lat' dir='ltr'>Non</span> <span class='ocrx_word' id='word_1_368' title='bbox 1302 1180 1504 1232; x_wconf 83' lang='lat' dir='ltr'>probabile</span> <span class='ocrx_word' id='word_1_369' title='bbox 1521 1189 1579 1218; x_wconf 89' lang='lat' dir='ltr'>est</span> <span class='ocrx_word' id='word_1_370' title='bbox 1607 1180 1882 1218; x_wconf 89' lang='lat' dir='ltr'>Philochorum</span> <span class='ocrx_word' id='word_1_371' title='bbox 1907 1179 1953 1216; x_wconf 89' lang='lat' dir='ltr'>de</span> <span class='ocrx_word' id='word_1_372' title='bbox 1986 1182 2095 1216; x_wconf 85' lang='lat' dir='ltr'>Mose</span> <span class='ocrx_word' id='word_1_373' title='bbox 2112 1179 2174 1215; x_wconf 93' lang='lat' dir='ltr'>lo-</span> 
     </span>
     <span class='ocr_line' id='line_1_49' title="bbox 1142 1237 2175 1293; baseline -0.006 -14"><span class='ocrx_word' id='word_1_374' title='bbox 1142 1249 1307 1293; x_wconf 90' lang='lat' dir='ltr'>quutum</span> <span class='ocrx_word' id='word_1_375' title='bbox 1326 1254 1424 1278; x_wconf 88' lang='lat' dir='ltr'>esse:</span> <span class='ocrx_word' id='word_1_376' title='bbox 1443 1240 1615 1278; x_wconf 84' lang='lat' dir='ltr'>Justinus</span> <span class='ocrx_word' id='word_1_377' title='bbox 1641 1253 1719 1276; x_wconf 91' lang='lat' dir='ltr'>non</span> <span class='ocrx_word' id='word_1_378' title='bbox 1742 1247 1844 1277; x_wconf 91' lang='lat' dir='ltr'>recte</span> <span class='ocrx_word' id='word_1_379' title='bbox 1859 1237 2091 1275; x_wconf 77' lang='lat' dir='ltr'>intellexisse</span> <span class='ocrx_word' id='word_1_380' title='bbox 2115 1238 2175 1274; x_wconf 83' lang='lat' dir='ltr'>vi—</span> 
     </span>
     <span class='ocr_line' id='line_1_50' title="bbox 1144 1302 1787 1350; baseline -0.005 -11"><span class='ocrx_word' id='word_1_381' title='bbox 1144 1302 1258 1339; x_wconf 84' lang='lat' dir='ltr'>detur</span> <span class='ocrx_word' id='word_1_382' title='bbox 1274 1309 1487 1344; x_wconf 77' lang='lat' dir='ltr'>auctorem,</span> <span class='ocrx_word' id='word_1_383' title='bbox 1504 1313 1582 1350; x_wconf 92' lang='lat' dir='ltr'>quo</span> <span class='ocrx_word' id='word_1_384' title='bbox 1602 1313 1695 1337; x_wconf 85' lang='lat' dir='ltr'>usus</span> <span class='ocrx_word' id='word_1_385' title='bbox 1718 1307 1787 1336; x_wconf 90' lang='lat' dir='ltr'>est.</span> 
     </span>
    </p>
   </div>
   <div class='ocr_carea' id='block_1_6' title="bbox 1595 1370 1714 1379">
    <p class='ocr_par' dir='ltr' id='par_1_15' title="bbox 1595 1370 1714 1379">
     <span class='ocr_line' id='line_1_51' title="bbox 1595 1370 1714 1379; baseline 0 2305"><span class='ocrx_word' id='word_1_386' title='bbox 1595 1370 1714 1379; x_wconf 95' lang='lat' dir='ltr'> </span> 
     </span>
    </p>
   </div>
   <div class='ocr_carea' id='block_1_7' title="bbox 1542 1413 1777 1451">
    <p class='ocr_par' dir='ltr' id='par_1_16' title="bbox 1542 1413 1777 1451">
     <span class='ocr_line' id='line_1_52' title="bbox 1542 1413 1777 1451; baseline -0.004 0"><span class='ocrx_word' id='word_1_387' title='bbox 1542 1413 1696 1451; x_wconf 88' lang='lat' dir='ltr'>LIBER</span> <span class='ocrx_word' id='word_1_388' title='bbox 1726 1413 1777 1450; x_wconf 90' lang='lat' dir='ltr'>II.</span> 
     </span>
    </p>
   </div>
   <div class='ocr_carea' id='block_1_8' title="bbox 1145 1462 2190 1995">
    <p class='ocr_par' dir='ltr' id='par_1_17' title="bbox 1145 1462 2190 1995">
     <span class='ocr_line' id='line_1_53' title="bbox 1200 1462 2182 1515; baseline -0.007 -10"><span class='ocrx_word' id='word_1_389' title='bbox 1200 1467 1321 1505; x_wconf 86' lang='lat' dir='ltr'>Libro</span> <span class='ocrx_word' id='word_1_390' title='bbox 1353 1465 1522 1504; x_wconf 85' lang='lat' dir='ltr'>secundo</span> <span class='ocrx_word' id='word_1_391' title='bbox 1553 1465 1714 1503; x_wconf 87' lang='lat' dir='ltr'>historia</span> <span class='ocrx_word' id='word_1_392' title='bbox 1745 1478 1766 1502; x_wconf 89' lang='lat' dir='ltr'>a</span> <span class='ocrx_word' id='word_1_393' title='bbox 1793 1467 1966 1515; x_wconf 77' lang='lat' dir='ltr'>Cecrope</span> <span class='ocrx_word' id='word_1_394' title='bbox 1994 1475 2116 1512; x_wconf 90' lang='lat' dir='ltr'>usque</span> <span class='ocrx_word' id='word_1_395' title='bbox 2135 1462 2182 1499; x_wconf 89' lang='lat' dir='ltr'>ad</span> 
     </span>
     <span class='ocr_line' id='line_1_54' title="bbox 1145 1521 2184 1576; baseline -0.007 -12"><span class='ocrx_word' id='word_1_396' title='bbox 1145 1529 1349 1565; x_wconf 87' lang='lat' dir='ltr'>Creontem</span> <span class='ocrx_word' id='word_1_397' title='bbox 1368 1524 1592 1563; x_wconf 86' lang='lat' dir='ltr'>archontem</span> <span class='ocrx_word' id='word_1_398' title='bbox 1610 1524 1779 1576; x_wconf 89' lang='lat' dir='ltr'>(Olymp.</span> <span class='ocrx_word' id='word_1_399' title='bbox 1797 1525 1944 1571; x_wconf 88' lang='lat' dir='ltr'>XXIV,</span> <span class='ocrx_word' id='word_1_400' title='bbox 1961 1522 1996 1572; x_wconf 80' lang='lat'>3)</span> <span class='ocrx_word' id='word_1_401' title='bbox 2018 1521 2184 1558; x_wconf 83' lang='lat' dir='ltr'>deducta</span> 
     </span>
     <span class='ocr_line' id='line_1_55' title="bbox 1146 1580 2183 1634; baseline -0.006 -11"><span class='ocrx_word' id='word_1_402' title='bbox 1146 1594 1216 1623; x_wconf 89' lang='lat' dir='ltr'>est.</span> <span class='ocrx_word' id='word_1_403' title='bbox 1237 1589 1333 1633; x_wconf 87' lang='lat' dir='ltr'>Quae</span> <span class='ocrx_word' id='word_1_404' title='bbox 1347 1585 1449 1622; x_wconf 86' lang='lat' dir='ltr'>enim</span> <span class='ocrx_word' id='word_1_405' title='bbox 1466 1584 1514 1622; x_wconf 89' lang='lat' dir='ltr'>de</span> <span class='ocrx_word' id='word_1_406' title='bbox 1531 1582 1814 1634; x_wconf 84' lang='lat' dir='ltr'>Amphictyone</span> <span class='ocrx_word' id='word_1_407' title='bbox 1826 1612 1835 1629; x_wconf 90' lang='lat'>,</span> <span class='ocrx_word' id='word_1_408' title='bbox 1854 1582 1903 1619; x_wconf 84' lang='lat' dir='ltr'>de</span> <span class='ocrx_word' id='word_1_409' title='bbox 1917 1580 2183 1626; x_wconf 85' lang='lat' dir='ltr'>Erichthonio,</span> 
     </span>
     <span class='ocr_line' id='line_1_56' title="bbox 1149 1640 2186 1691; baseline -0.006 -8"><span class='ocrx_word' id='word_1_410' title='bbox 1149 1645 1197 1682; x_wconf 88' lang='lat' dir='ltr'>de</span> <span class='ocrx_word' id='word_1_411' title='bbox 1225 1644 1454 1691; x_wconf 84' lang='lat' dir='ltr'>Erechtheo,</span> <span class='ocrx_word' id='word_1_412' title='bbox 1492 1643 1540 1681; x_wconf 91' lang='lat' dir='ltr'>de</span> <span class='ocrx_word' id='word_1_413' title='bbox 1570 1643 1721 1681; x_wconf 85' lang='lat' dir='ltr'>Theseo</span> <span class='ocrx_word' id='word_1_414' title='bbox 1741 1655 1764 1679; x_wconf 92' lang='lat' dir='ltr'>a</span> <span class='ocrx_word' id='word_1_415' title='bbox 1782 1641 2017 1680; x_wconf 83' lang='lat' dir='ltr'>Philochoro</span> <span class='ocrx_word' id='word_1_416' title='bbox 2043 1640 2186 1678; x_wconf 83' lang='lat' dir='ltr'>tradita</span> 
     </span>
     <span class='ocr_line' id='line_1_57' title="bbox 1149 1700 2186 1752; baseline -0.004 -10"><span class='ocrx_word' id='word_1_417' title='bbox 1149 1713 1251 1750; x_wconf 87' lang='lat' dir='ltr'>sunt,</span> <span class='ocrx_word' id='word_1_418' title='bbox 1269 1718 1317 1742; x_wconf 82' lang='lat' dir='ltr'>ex</span> <span class='ocrx_word' id='word_1_419' title='bbox 1341 1704 1415 1741; x_wconf 88' lang='lat' dir='ltr'>hoc</span> <span class='ocrx_word' id='word_1_420' title='bbox 1450 1702 1550 1741; x_wconf 90' lang='lat' dir='ltr'>libro</span> <span class='ocrx_word' id='word_1_421' title='bbox 1574 1703 1760 1747; x_wconf 79' lang='lat' dir='ltr'>citantur3</span> <span class='ocrx_word' id='word_1_422' title='bbox 1779 1710 1895 1752; x_wconf 86' lang='lat' dir='ltr'>atque</span> <span class='ocrx_word' id='word_1_423' title='bbox 1915 1700 2128 1747; x_wconf 83' lang='lat' dir='ltr'>sententia,</span> <span class='ocrx_word' id='word_1_424' title='bbox 2145 1700 2186 1738; x_wconf 90' lang='lat' dir='ltr'>in</span> 
     </span>
     <span class='ocr_line' id='line_1_58' title="bbox 1149 1760 2186 1817; baseline -0.005 -14"><span class='ocrx_word' id='word_1_425' title='bbox 1149 1778 1264 1817; x_wconf 87' lang='lat' dir='ltr'>quam</span> <span class='ocrx_word' id='word_1_426' title='bbox 1296 1764 1497 1803; x_wconf 85' lang='lat' dir='ltr'>Boeckhius</span> <span class='ocrx_word' id='word_1_427' title='bbox 1516 1762 1691 1809; x_wconf 85' lang='lat' dir='ltr'>inclinat,</span> <span class='ocrx_word' id='word_1_428' title='bbox 1724 1762 1867 1800; x_wconf 91' lang='lat' dir='ltr'>librum</span> <span class='ocrx_word' id='word_1_429' title='bbox 1892 1761 2047 1799; x_wconf 85' lang='lat' dir='ltr'>tertium</span> <span class='ocrx_word' id='word_1_430' title='bbox 2076 1760 2186 1798; x_wconf 85' lang='lat' dir='ltr'>ince—</span> 
     </span>
     <span class='ocr_line' id='line_1_59' title="bbox 1150 1819 2188 1877; baseline -0.006 -15"><span class='ocrx_word' id='word_1_431' title='bbox 1150 1826 1285 1877; x_wconf 85' lang='lat' dir='ltr'>pissea</span> <span class='ocrx_word' id='word_1_432' title='bbox 1306 1827 1470 1862; x_wconf 88' lang='lat' dir='ltr'>Creonte</span> <span class='ocrx_word' id='word_1_433' title='bbox 1489 1821 1687 1870; x_wconf 81' lang='lat' dir='ltr'>archonte,</span> <span class='ocrx_word' id='word_1_434' title='bbox 1708 1822 1861 1873; x_wconf 89' lang='lat' dir='ltr'>Olymp.</span> <span class='ocrx_word' id='word_1_435' title='bbox 1882 1823 2029 1868; x_wconf 88' lang='lat' dir='ltr'>XXIV,</span> <span class='ocrx_word' id='word_1_436' title='bbox 2048 1821 2082 1867; x_wconf 82' lang='lat'>3,</span> <span class='ocrx_word' id='word_1_437' title='bbox 2099 1819 2188 1857; x_wconf 87' lang='lat' dir='ltr'>ideo</span> 
     </span>
     <span class='ocr_line' id='line_1_60' title="bbox 1151 1879 2189 1936; baseline -0.006 -14"><span class='ocrx_word' id='word_1_438' title='bbox 1151 1882 1367 1936; x_wconf 87' lang='lat' dir='ltr'>probabilis</span> <span class='ocrx_word' id='word_1_439' title='bbox 1391 1892 1459 1931; x_wconf 88' lang='lat' dir='ltr'>est,</span> <span class='ocrx_word' id='word_1_440' title='bbox 1494 1882 1601 1934; x_wconf 88' lang='lat' dir='ltr'>quod</span> <span class='ocrx_word' id='word_1_441' title='bbox 1638 1882 1892 1920; x_wconf 80' lang='lat' dir='ltr'>Philochorus</span> <span class='ocrx_word' id='word_1_442' title='bbox 1922 1879 1969 1918; x_wconf 84' lang='lat' dir='ltr'>ab</span> <span class='ocrx_word' id='word_1_443' title='bbox 1995 1880 2069 1917; x_wconf 92' lang='lat' dir='ltr'>hoc</span> <span class='ocrx_word' id='word_1_444' title='bbox 2098 1879 2189 1917; x_wconf 89' lang='lat' dir='ltr'>inde</span> 
     </span>
     <span class='ocr_line' id='line_1_61' title="bbox 1152 1942 2190 1995; baseline -0.005 -12"><span class='ocrx_word' id='word_1_445' title='bbox 1152 1959 1253 1984; x_wconf 87' lang='lat' dir='ltr'>anno</span> <span class='ocrx_word' id='word_1_446' title='bbox 1273 1945 1477 1983; x_wconf 88' lang='lat' dir='ltr'>certiorem</span> <span class='ocrx_word' id='word_1_447' title='bbox 1496 1952 1716 1995; x_wconf 91' lang='lat' dir='ltr'>temporum</span> <span class='ocrx_word' id='word_1_448' title='bbox 1737 1942 2037 1993; x_wconf 81' lang='lat' dir='ltr'>descriptionem</span> <span class='ocrx_word' id='word_1_449' title='bbox 2057 1955 2190 1979; x_wconf 89' lang='lat' dir='ltr'>secun-</span> 
     </span>
    </p>
   </div>
   <div class='ocr_carea' id='block_1_9' title="bbox 1153 2001 2192 2223">
    <p class='ocr_par' dir='ltr' id='par_1_18' title="bbox 1153 2001 2192 2223">
     <span class='ocr_line' id='line_1_62' title="bbox 1153 2001 2190 2052; baseline -0.006 -9"><span class='ocrx_word' id='word_1_450' title='bbox 1153 2005 1243 2044; x_wconf 87' lang='lat' dir='ltr'>dum</span> <span class='ocrx_word' id='word_1_451' title='bbox 1280 2005 1509 2042; x_wconf 88' lang='lat' dir='ltr'>archontum</span> <span class='ocrx_word' id='word_1_452' title='bbox 1549 2003 1687 2042; x_wconf 89' lang='lat' dir='ltr'>seriem</span> <span class='ocrx_word' id='word_1_453' title='bbox 1730 2002 1951 2040; x_wconf 88' lang='lat' dir='ltr'>exhibuisse</span> <span class='ocrx_word' id='word_1_454' title='bbox 1994 2001 2190 2052; x_wconf 86' lang='lat' dir='ltr'>putandus</span> 
     </span>
     <span class='ocr_line' id='line_1_63' title="bbox 1154 2072 1222 2104; baseline 0.015 -1"><span class='ocrx_word' id='word_1_455' title='bbox 1154 2072 1222 2104; x_wconf 88' lang='lat' dir='ltr'>est.</span> 
     </span>
     <span class='ocr_line' id='line_1_64' title="bbox 1209 2166 2192 2223; baseline -0.005 -14"><span class='ocrx_word' id='word_1_456' title='bbox 1209 2170 1400 2219; x_wconf 77' lang='lat' dir='ltr'>Eusebius</span> <span class='ocrx_word' id='word_1_457' title='bbox 1419 2171 1459 2207; x_wconf 91' lang='lat' dir='ltr'>in</span> <span class='ocrx_word' id='word_1_458' title='bbox 1478 2170 1660 2223; x_wconf 82' lang='grc' dir='ltr'>Χρονικῶν</span> <span class='ocrx_word' id='word_1_459' title='bbox 1683 2167 1777 2221; x_wconf 86' lang='grc' dir='ltr'>λόγῳ</span> <span class='ocrx_word' id='word_1_460' title='bbox 1796 2166 1927 2220; x_wconf 84' lang='grc' dir='ltr'>πρώτῳ</span> <span class='ocrx_word' id='word_1_461' title='bbox 1942 2168 1982 2205; x_wconf 91' lang='lat' dir='ltr'>in</span> <span class='ocrx_word' id='word_1_462' title='bbox 2003 2171 2081 2205; x_wconf 89' lang='lat' dir='ltr'>Jos.</span> <span class='ocrx_word' id='word_1_463' title='bbox 2100 2170 2192 2205; x_wconf 83' lang='lat' dir='ltr'>Sca-</span> 
     </span>
    </p>
   </div>
   <div class='ocr_carea' id='block_1_10' title="bbox 1157 2225 2193 2281">
    <p class='ocr_par' dir='ltr' id='par_1_19' title="bbox 1157 2225 2193 2281">
     <span class='ocr_line' id='line_1_65' title="bbox 1157 2225 2193 2281; baseline -0.005 -13"><span class='ocrx_word' id='word_1_464' title='bbox 1157 2231 1220 2281; x_wconf 86' lang='lat' dir='ltr'>lig.</span> <span class='ocrx_word' id='word_1_465' title='bbox 1245 2230 1357 2268; x_wconf 87' lang='lat' dir='ltr'>Thes.</span> <span class='ocrx_word' id='word_1_466' title='bbox 1374 2238 1489 2280; x_wconf 88' lang='lat' dir='ltr'>temp.</span> <span class='ocrx_word' id='word_1_467' title='bbox 1507 2243 1546 2280; x_wconf 92' lang='lat' dir='ltr'>p.</span> <span class='ocrx_word' id='word_1_468' title='bbox 1571 2230 1634 2276; x_wconf 81' lang='lat'>28,</span> <span class='ocrx_word' id='word_1_469' title='bbox 1649 2227 1710 2265; x_wconf 88' lang='lat' dir='ltr'>ed.</span> <span class='ocrx_word' id='word_1_470' title='bbox 1728 2227 1886 2265; x_wconf 88' lang='lat' dir='ltr'>Amstel.</span> <span class='ocrx_word' id='word_1_471' title='bbox 1908 2228 2028 2266; x_wconf 73' lang='lat'>1658:</span> <span class='ocrx_word' id='word_1_472' title='bbox 2050 2225 2193 2280; x_wconf 81' lang='grc' dir='ltr'>Κέκροψ</span> 
     </span>
    </p>
   </div>
   <div class='ocr_carea' id='block_1_11' title="bbox 59 2283 2191 2341">
    <p class='ocr_par' dir='ltr' id='par_1_20' title="bbox 59 2283 2191 2341">
     <span class='ocr_line' id='line_1_66' title="bbox 59 2283 2191 2341; baseline -0 -18"><span class='ocrx_word' id='word_1_473' title='bbox 59 2287 184 2326; x_wconf 86' lang='grc' dir='ltr'>Ταῦτα</span> <span class='ocrx_word' id='word_1_474' title='bbox 221 2283 288 2338; x_wconf 82' lang='grc' dir='ltr'>γὰρ</span> <span class='ocrx_word' id='word_1_475' title='bbox 326 2284 371 2323; x_wconf 88' lang='grc' dir='ltr'>τὰ</span> <span class='ocrx_word' id='word_1_476' title='bbox 407 2283 597 2332; x_wconf 87' lang='grc' dir='ltr'>Ἀθηναίων</span> <span class='ocrx_word' id='word_1_477' title='bbox 624 2285 858 2337; x_wconf 80' lang='grc' dir='ltr'>ἱστοροῦντες,</span> <span class='ocrx_word' id='word_1_478' title='bbox 888 2285 1099 2331; x_wconf 81' lang='grc' dir='ltr'>Ἑλλάνικός</span> <span class='ocrx_word' id='word_1_479' title='bbox 1158 2290 1176 2326; x_wconf 85' lang='grc' dir='ltr'><em>ὃ</em></span> <span class='ocrx_word' id='word_1_480' title='bbox 1196 2287 1317 2341; x_wconf 81' lang='grc' dir='ltr'>διφυὴς</span> <span class='ocrx_word' id='word_1_481' title='bbox 1333 2291 1395 2335; x_wconf 75' lang='grc' dir='ltr'>τῆς</span> <span class='ocrx_word' id='word_1_482' title='bbox 1411 2286 1490 2326; x_wconf 86' lang='grc' dir='ltr'>τότε</span> <span class='ocrx_word' id='word_1_483' title='bbox 1507 2287 1650 2335; x_wconf 80' lang='grc' dir='ltr'>Ἀκτῆς,</span> <span class='ocrx_word' id='word_1_484' title='bbox 1676 2290 1735 2325; x_wconf 84' lang='grc' dir='ltr'>νῦν</span> <span class='ocrx_word' id='word_1_485' title='bbox 1755 2284 1791 2324; x_wconf 80' lang='grc' dir='ltr'>δὲ</span> <span class='ocrx_word' id='word_1_486' title='bbox 1810 2286 1979 2332; x_wconf 73' lang='grc' dir='ltr'>Ἀττικῆς,</span> <span class='ocrx_word' id='word_1_487' title='bbox 2005 2283 2191 2324; x_wconf 71' lang='grc' dir='ltr'>ἔὸασίλευ-</span> 
     </span>
    </p>
   </div>
   <div class='ocr_carea' id='block_1_12' title="bbox 62 2392 1105 3054">
    <p class='ocr_par' dir='ltr' id='par_1_21' title="bbox 62 2392 1102 2864">
     <span class='ocr_line' id='line_1_67' title="bbox 62 2392 1098 2437; baseline 0.002 -11"><span class='ocrx_word' id='word_1_488' title='bbox 62 2403 164 2436; x_wconf 89' lang='lat' dir='ltr'>quum</span> <span class='ocrx_word' id='word_1_489' title='bbox 179 2393 278 2426; x_wconf 91' lang='lat' dir='ltr'>breve</span> <span class='ocrx_word' id='word_1_490' title='bbox 301 2395 432 2434; x_wconf 88' lang='lat' dir='ltr'>tempus</span> <span class='ocrx_word' id='word_1_491' title='bbox 455 2392 589 2425; x_wconf 80' lang='lat' dir='ltr'>Athenis</span> <span class='ocrx_word' id='word_1_492' title='bbox 615 2393 840 2434; x_wconf 80' lang='lat' dir='ltr'>habitassent,</span> <span class='ocrx_word' id='word_1_493' title='bbox 868 2394 949 2427; x_wconf 88' lang='lat' dir='ltr'>urbe</span> <span class='ocrx_word' id='word_1_494' title='bbox 970 2396 1098 2437; x_wconf 87' lang='lat' dir='ltr'>expulsi</span> 
     </span>
     <span class='ocr_line' id='line_1_68' title="bbox 63 2441 1099 2484; baseline 0 -9"><span class='ocrx_word' id='word_1_495' title='bbox 63 2445 160 2483; x_wconf 84' lang='lat' dir='ltr'>sunt,</span> <span class='ocrx_word' id='word_1_496' title='bbox 182 2451 359 2483; x_wconf 89' lang='lat' dir='ltr'>eorumque</span> <span class='ocrx_word' id='word_1_497' title='bbox 383 2441 504 2474; x_wconf 89' lang='lat' dir='ltr'>multos</span> <span class='ocrx_word' id='word_1_498' title='bbox 525 2441 763 2474; x_wconf 79' lang='lat' dir='ltr'>interfecerunt</span> <span class='ocrx_word' id='word_1_499' title='bbox 784 2443 1014 2484; x_wconf 78' lang='lat' dir='ltr'>Athenienses,</span> <span class='ocrx_word' id='word_1_500' title='bbox 1045 2443 1099 2475; x_wconf 89' lang='lat' dir='ltr'>alii</span> 
     </span>
     <span class='ocr_line' id='line_1_69' title="bbox 66 2488 1097 2531; baseline -0.002 -8"><span class='ocrx_word' id='word_1_501' title='bbox 66 2490 250 2531; x_wconf 79' lang='lat' dir='ltr'>effugerunt</span> <span class='ocrx_word' id='word_1_502' title='bbox 275 2492 373 2530; x_wconf 88' lang='lat' dir='ltr'>atque</span> <span class='ocrx_word' id='word_1_503' title='bbox 398 2489 434 2520; x_wconf 90' lang='lat' dir='ltr'>in</span> <span class='ocrx_word' id='word_1_504' title='bbox 458 2491 581 2521; x_wconf 89' lang='lat' dir='ltr'>Lemno</span> <span class='ocrx_word' id='word_1_505' title='bbox 611 2489 644 2520; x_wconf 85' lang='lat' dir='ltr'>et</span> <span class='ocrx_word' id='word_1_506' title='bbox 674 2488 784 2520; x_wconf 84' lang='lat' dir='ltr'>Imbro</span> <span class='ocrx_word' id='word_1_507' title='bbox 815 2489 908 2522; x_wconf 84' lang='lat' dir='ltr'>sedes</span> <span class='ocrx_word' id='word_1_508' title='bbox 946 2490 1097 2523; x_wconf 86' lang='lat' dir='ltr'>fixerunt.</span> 
     </span>
     <span class='ocr_line' id='line_1_70' title="bbox 65 2535 1100 2579; baseline -0.002 -8"><span class='ocrx_word' id='word_1_509' title='bbox 65 2539 183 2571; x_wconf 82' lang='lat' dir='ltr'>Postea</span> <span class='ocrx_word' id='word_1_510' title='bbox 198 2538 330 2579; x_wconf 88' lang='lat' dir='ltr'>propter</span> <span class='ocrx_word' id='word_1_511' title='bbox 362 2537 432 2568; x_wconf 83' lang='lat' dir='ltr'>haec</span> <span class='ocrx_word' id='word_1_512' title='bbox 457 2535 709 2568; x_wconf 82' lang='lat' dir='ltr'>Atheniensibus</span> <span class='ocrx_word' id='word_1_513' title='bbox 742 2536 877 2575; x_wconf 79' lang='lat' dir='ltr'>infensi,</span> <span class='ocrx_word' id='word_1_514' title='bbox 914 2539 1100 2570; x_wconf 86' lang='lat' dir='ltr'>conscensis</span> 
     </span>
     <span class='ocr_line' id='line_1_71' title="bbox 66 2582 1100 2626; baseline -0.001 -9"><span class='ocrx_word' id='word_1_515' title='bbox 66 2584 216 2620; x_wconf 79' lang='lat' dir='ltr'>navibus,</span> <span class='ocrx_word' id='word_1_516' title='bbox 233 2585 442 2622; x_wconf 90' lang='lat' dir='ltr'>Brauronem,</span> <span class='ocrx_word' id='word_1_517' title='bbox 457 2582 514 2623; x_wconf 87' lang='lat' dir='ltr'>qui</span> <span class='ocrx_word' id='word_1_518' title='bbox 532 2582 648 2614; x_wconf 84' lang='lat' dir='ltr'>Atticae</span> <span class='ocrx_word' id='word_1_519' title='bbox 674 2591 776 2624; x_wconf 82' lang='lat' dir='ltr'>pagus</span> <span class='ocrx_word' id='word_1_520' title='bbox 792 2585 842 2616; x_wconf 88' lang='lat' dir='ltr'>cst</span> <span class='ocrx_word' id='word_1_521' title='bbox 854 2607 862 2623; x_wconf 93' lang='lat'>,</span> <span class='ocrx_word' id='word_1_522' title='bbox 885 2585 1100 2626; x_wconf 86' lang='lat' dir='ltr'>appulerunt,</span> 
     </span>
     <span class='ocr_line' id='line_1_72' title="bbox 66 2630 1102 2674; baseline 0.001 -10"><span class='ocrx_word' id='word_1_523' title='bbox 66 2631 209 2673; x_wconf 76' lang='lat' dir='ltr'>virgines</span> <span class='ocrx_word' id='word_1_524' title='bbox 238 2634 273 2664; x_wconf 84' lang='lat' dir='ltr'>in</span> <span class='ocrx_word' id='word_1_525' title='bbox 297 2640 383 2663; x_wconf 85' lang='lat' dir='ltr'>ursae</span> <span class='ocrx_word' id='word_1_526' title='bbox 399 2631 516 2663; x_wconf 82' lang='lat' dir='ltr'>occisae</span> <span class='ocrx_word' id='word_1_527' title='bbox 533 2630 722 2663; x_wconf 82' lang='lat' dir='ltr'>memoriam</span> <span class='ocrx_word' id='word_1_528' title='bbox 741 2631 855 2664; x_wconf 82' lang='lat' dir='ltr'>Dianae</span> <span class='ocrx_word' id='word_1_529' title='bbox 874 2634 949 2665; x_wconf 78' lang='lat' dir='ltr'>ante</span> <span class='ocrx_word' id='word_1_530' title='bbox 969 2633 1102 2674; x_wconf 78' lang='lat' dir='ltr'>nuptias</span> 
     </span>
     <span class='ocr_line' id='line_1_73' title="bbox 68 2678 1101 2720; baseline 0.001 -8"><span class='ocrx_word' id='word_1_531' title='bbox 68 2687 160 2712; x_wconf 83' lang='lat' dir='ltr'>sacra</span> <span class='ocrx_word' id='word_1_532' title='bbox 171 2679 322 2712; x_wconf 77' lang='lat' dir='ltr'>facientes</span> <span class='ocrx_word' id='word_1_533' title='bbox 335 2680 524 2720; x_wconf 86' lang='lat' dir='ltr'>rapuerunt,</span> <span class='ocrx_word' id='word_1_534' title='bbox 539 2687 615 2710; x_wconf 83' lang='lat' dir='ltr'>cum</span> <span class='ocrx_word' id='word_1_535' title='bbox 634 2678 740 2720; x_wconf 82' lang='lat' dir='ltr'>iisque</span> <span class='ocrx_word' id='word_1_536' title='bbox 758 2679 1014 2712; x_wconf 87' lang='lat' dir='ltr'>concubuerunt.</span> <span class='ocrx_word' id='word_1_537' title='bbox 1027 2683 1101 2713; x_wconf 91' lang='lat' dir='ltr'>Pro-</span> 
     </span>
     <span class='ocr_line' id='line_1_74' title="bbox 68 2726 1100 2769; baseline 0.001 -9"><span class='ocrx_word' id='word_1_538' title='bbox 68 2729 139 2769; x_wconf 75' lang='lat' dir='ltr'>pter</span> <span class='ocrx_word' id='word_1_539' title='bbox 147 2727 388 2768; x_wconf 85' lang='lat' dir='ltr'>Tyrrhenorum</span> <span class='ocrx_word' id='word_1_540' title='bbox 399 2726 586 2759; x_wconf 85' lang='lat' dir='ltr'>violentiam</span> <span class='ocrx_word' id='word_1_541' title='bbox 601 2726 697 2767; x_wconf 84' lang='lat' dir='ltr'>igitur</span> <span class='ocrx_word' id='word_1_542' title='bbox 712 2727 857 2760; x_wconf 85' lang='lat' dir='ltr'>rhetores</span> <span class='ocrx_word' id='word_1_543' title='bbox 868 2729 1081 2761; x_wconf 82' lang='lat' dir='ltr'>Athenienses</span> <span class='ocrx_word' id='word_1_544' title='bbox 1091 2753 1100 2768; x_wconf 97' lang='lat'>,</span> 
     </span>
     <span class='ocr_line' id='line_1_75' title="bbox 69 2774 1100 2821; baseline 0.001 -14"><span class='ocrx_word' id='word_1_545' title='bbox 69 2776 109 2808; x_wconf 87' lang='lat' dir='ltr'>ut</span> <span class='ocrx_word' id='word_1_546' title='bbox 129 2775 235 2821; x_wconf 83' lang='lat' dir='ltr'>solent</span> <span class='ocrx_word' id='word_1_547' title='bbox 256 2774 311 2816; x_wconf 89' lang='lat' dir='ltr'>qui</span> <span class='ocrx_word' id='word_1_548' title='bbox 333 2774 519 2815; x_wconf 83' lang='lat' dir='ltr'>reipublicae</span> <span class='ocrx_word' id='word_1_549' title='bbox 546 2774 814 2807; x_wconf 80' lang='lat' dir='ltr'>administrandae</span> <span class='ocrx_word' id='word_1_550' title='bbox 843 2784 975 2817; x_wconf 81' lang='lat' dir='ltr'>operam</span> <span class='ocrx_word' id='word_1_551' title='bbox 1000 2776 1100 2816; x_wconf 90' lang='lat' dir='ltr'>dant,</span> 
     </span>
     <span class='ocr_line' id='line_1_76' title="bbox 71 2822 774 2864; baseline 0 -11"><span class='ocrx_word' id='word_1_552' title='bbox 71 2830 161 2864; x_wconf 80' lang='lat' dir='ltr'>reges</span> <span class='ocrx_word' id='word_1_553' title='bbox 177 2822 337 2863; x_wconf 82' lang='lat' dir='ltr'>appellare</span> <span class='ocrx_word' id='word_1_554' title='bbox 354 2823 592 2854; x_wconf 88' lang='lat' dir='ltr'>consueverunt</span> <span class='ocrx_word' id='word_1_555' title='bbox 606 2824 774 2863; x_wconf 85' lang='lat' dir='ltr'>tyrannos.</span> 
     </span>
    </p>

    <p class='ocr_par' dir='ltr' id='par_1_22' title="bbox 74 2915 1105 3054">
     <span class='ocr_line' id='line_1_77' title="bbox 114 2915 1103 2958; baseline 0.002 -10"><span class='ocrx_word' id='word_1_556' title='bbox 114 2916 327 2949; x_wconf 84' lang='lat' dir='ltr'>Philochorus</span> <span class='ocrx_word' id='word_1_557' title='bbox 338 2915 429 2955; x_wconf 86' lang='lat' dir='ltr'>dicit,</span> <span class='ocrx_word' id='word_1_558' title='bbox 443 2915 572 2955; x_wconf 88' lang='lat' dir='ltr'>Sinties,</span> <span class='ocrx_word' id='word_1_559' title='bbox 591 2916 646 2957; x_wconf 91' lang='lat' dir='ltr'>qui</span> <span class='ocrx_word' id='word_1_560' title='bbox 662 2917 788 2958; x_wconf 83' lang='lat' dir='ltr'>Pelasgi</span> <span class='ocrx_word' id='word_1_561' title='bbox 804 2917 881 2956; x_wconf 90' lang='lat' dir='ltr'>sint,</span> <span class='ocrx_word' id='word_1_562' title='bbox 895 2918 971 2950; x_wconf 91' lang='lat' dir='ltr'>inde</span> <span class='ocrx_word' id='word_1_563' title='bbox 984 2927 1103 2950; x_wconf 91' lang='lat' dir='ltr'>nomen</span> 
     </span>
     <span class='ocr_line' id='line_1_78' title="bbox 75 2963 1105 3006; baseline 0.001 -10"><span class='ocrx_word' id='word_1_564' title='bbox 75 2963 204 3003; x_wconf 84' lang='lat' dir='ltr'>habere,</span> <span class='ocrx_word' id='word_1_565' title='bbox 223 2963 311 3005; x_wconf 87' lang='lat' dir='ltr'>quod</span> <span class='ocrx_word' id='word_1_566' title='bbox 327 2964 525 2995; x_wconf 88' lang='lat' dir='ltr'>Brauronem</span> <span class='ocrx_word' id='word_1_567' title='bbox 539 2963 666 3004; x_wconf 86' lang='lat' dir='ltr'>appulsi</span> <span class='ocrx_word' id='word_1_568' title='bbox 681 2964 822 3005; x_wconf 84' lang='lat' dir='ltr'>virgines</span> <span class='ocrx_word' id='word_1_569' title='bbox 841 2965 1044 3006; x_wconf 84' lang='lat' dir='ltr'>canephoros</span> <span class='ocrx_word' id='word_1_570' title='bbox 1060 2974 1105 2997; x_wconf 88' lang='lat' dir='ltr'>ra-</span> 
     </span>
     <span class='ocr_line' id='line_1_79' title="bbox 74 3011 1105 3054; baseline 0 -10"><span class='ocrx_word' id='word_1_571' title='bbox 74 3011 231 3054; x_wconf 85' lang='lat' dir='ltr'>puissent.</span> <span class='ocrx_word' id='word_1_572' title='bbox 242 3013 322 3044; x_wconf 89' lang='lat' dir='ltr'>Nam</span> <span class='ocrx_word' id='word_1_573' title='bbox 337 3019 394 3052; x_wconf 88' lang='lat' dir='ltr'>per</span> <span class='ocrx_word' id='word_1_574' title='bbox 406 3011 540 3044; x_wconf 87' lang='lat' dir='ltr'>verbum</span> <span class='ocrx_word' id='word_1_575' title='bbox 569 3011 751 3044; x_wconf 83' lang='grc' dir='ltr'>σίνεσθαι</span> <span class='ocrx_word' id='word_1_576' title='bbox 766 3013 952 3054; x_wconf 83' lang='lat' dir='ltr'>exprimunt</span> <span class='ocrx_word' id='word_1_577' title='bbox 978 3013 1105 3046; x_wconf 81' lang='lat' dir='ltr'>damno</span> 
     </span>
    </p>
   </div>
   <div class='ocr_carea' id='block_1_13' title="bbox 76 3057 591 3139">
    <p class='ocr_par' dir='ltr' id='par_1_23' title="bbox 76 3057 591 3139">
     <span class='ocr_line' id='line_1_80' title="bbox 76 3057 227 3105; baseline 0 -15"><span class='ocrx_word' id='word_1_578' title='bbox 76 3057 227 3105; x_wconf 74' lang='lat' dir='ltr'>afficere.</span> 
     </span>
     <span class='ocr_line' id='line_1_81' title="bbox 569 3107 591 3139; baseline 0 0"><span class='ocrx_word' id='word_1_579' title='bbox 569 3107 591 3139; x_wconf 88' lang='grc'>8</span> 
     </span>
    </p>
   </div>
   <div class='ocr_carea' id='block_1_14' title="bbox 79 3152 1107 3383">
    <p class='ocr_par' dir='ltr' id='par_1_24' title="bbox 79 3152 1107 3383">
     <span class='ocr_line' id='line_1_82' title="bbox 120 3152 1104 3192; baseline 0.002 -9"><span class='ocrx_word' id='word_1_580' title='bbox 120 3152 198 3184; x_wconf 82' lang='lat' dir='ltr'>Inde</span> <span class='ocrx_word' id='word_1_581' title='bbox 212 3152 251 3183; x_wconf 89' lang='lat' dir='ltr'>ab</span> <span class='ocrx_word' id='word_1_582' title='bbox 267 3153 386 3192; x_wconf 85' lang='lat' dir='ltr'>Ogyge,</span> <span class='ocrx_word' id='word_1_583' title='bbox 404 3160 499 3192; x_wconf 88' lang='lat' dir='ltr'>quem</span> <span class='ocrx_word' id='word_1_584' title='bbox 515 3160 556 3184; x_wconf 77' lang='lat' dir='ltr'>ex</span> <span class='ocrx_word' id='word_1_585' title='bbox 575 3155 660 3185; x_wconf 74' lang='lat' dir='ltr'>terra</span> <span class='ocrx_word' id='word_1_586' title='bbox 673 3155 783 3186; x_wconf 89' lang='lat' dir='ltr'>ortum</span> <span class='ocrx_word' id='word_1_587' title='bbox 800 3162 871 3186; x_wconf 87' lang='lat' dir='ltr'>esse</span> <span class='ocrx_word' id='word_1_588' title='bbox 887 3154 931 3186; x_wconf 90' lang='lat' dir='ltr'>illi</span> <span class='ocrx_word' id='word_1_589' title='bbox 948 3154 1104 3192; x_wconf 85' lang='lat' dir='ltr'>credunt,</span> 
     </span>
     <span class='ocr_line' id='line_1_83' title="bbox 79 3198 1106 3243; baseline 0.002 -13"><span class='ocrx_word' id='word_1_590' title='bbox 79 3198 141 3231; x_wconf 85' lang='lat' dir='ltr'>sub</span> <span class='ocrx_word' id='word_1_591' title='bbox 152 3208 216 3240; x_wconf 91' lang='lat' dir='ltr'>quo</span> <span class='ocrx_word' id='word_1_592' title='bbox 223 3199 364 3240; x_wconf 86' lang='lat' dir='ltr'>primum</span> <span class='ocrx_word' id='word_1_593' title='bbox 374 3208 590 3240; x_wconf 82' lang='lat' dir='ltr'>magnumque</span> <span class='ocrx_word' id='word_1_594' title='bbox 599 3200 760 3232; x_wconf 87' lang='lat' dir='ltr'>diluvium</span> <span class='ocrx_word' id='word_1_595' title='bbox 771 3201 903 3242; x_wconf 87' lang='lat' dir='ltr'>accidit,</span> <span class='ocrx_word' id='word_1_596' title='bbox 913 3204 1064 3243; x_wconf 85' lang='lat' dir='ltr'>regnante</span> <span class='ocrx_word' id='word_1_597' title='bbox 1072 3201 1106 3232; x_wconf 93' lang='lat' dir='ltr'>in</span> 
     </span>
     <span class='ocr_line' id='line_1_84' title="bbox 81 3246 1106 3290; baseline 0.001 -12"><span class='ocrx_word' id='word_1_598' title='bbox 81 3246 231 3287; x_wconf 80' lang='lat' dir='ltr'>Argolide</span> <span class='ocrx_word' id='word_1_599' title='bbox 252 3247 432 3286; x_wconf 89' lang='lat' dir='ltr'>Phoroneo,</span> <span class='ocrx_word' id='word_1_600' title='bbox 443 3248 482 3278; x_wconf 90' lang='lat' dir='ltr'>ut</span> <span class='ocrx_word' id='word_1_601' title='bbox 493 3247 591 3279; x_wconf 83' lang='lat' dir='ltr'>tradit</span> <span class='ocrx_word' id='word_1_602' title='bbox 604 3248 785 3288; x_wconf 81' lang='lat' dir='ltr'>Acusilaus,</span> <span class='ocrx_word' id='word_1_603' title='bbox 796 3258 902 3290; x_wconf 87' lang='lat' dir='ltr'>usque</span> <span class='ocrx_word' id='word_1_604' title='bbox 915 3250 954 3281; x_wconf 90' lang='lat' dir='ltr'>ad</span> <span class='ocrx_word' id='word_1_605' title='bbox 967 3249 1106 3290; x_wconf 84' lang='lat' dir='ltr'>primam</span> 
     </span>
     <span class='ocr_line' id='line_1_85' title="bbox 81 3291 1107 3337; baseline 0.001 -13"><span class='ocrx_word' id='word_1_606' title='bbox 81 3291 319 3334; x_wconf 79' lang='lat' dir='ltr'>Olympiadem,</span> <span class='ocrx_word' id='word_1_607' title='bbox 337 3293 425 3325; x_wconf 89' lang='lat' dir='ltr'>unde</span> <span class='ocrx_word' id='word_1_608' title='bbox 446 3293 551 3326; x_wconf 86' lang='lat' dir='ltr'>Graeci</span> <span class='ocrx_word' id='word_1_609' title='bbox 566 3295 747 3327; x_wconf 83' lang='lat' dir='ltr'>accuratius</span> <span class='ocrx_word' id='word_1_610' title='bbox 767 3297 912 3337; x_wconf 86' lang='lat' dir='ltr'>tempora</span> <span class='ocrx_word' id='word_1_611' title='bbox 928 3295 1107 3328; x_wconf 77' lang='lat' dir='ltr'>describere</span> 
     </span>
     <span class='ocr_line' id='line_1_86' title="bbox 84 3338 1105 3383; baseline 0.001 -12"><span class='ocrx_word' id='word_1_612' title='bbox 84 3338 147 3371; x_wconf 87' lang='lat' dir='ltr'>sibi</span> <span class='ocrx_word' id='word_1_613' title='bbox 161 3339 223 3372; x_wconf 86' lang='lat' dir='ltr'>visi</span> <span class='ocrx_word' id='word_1_614' title='bbox 235 3342 323 3379; x_wconf 90' lang='lat' dir='ltr'>sunt,</span> <span class='ocrx_word' id='word_1_615' title='bbox 339 3340 415 3371; x_wconf 86' lang='lat' dir='ltr'>anni</span> <span class='ocrx_word' id='word_1_616' title='bbox 436 3343 664 3382; x_wconf 86' lang='lat' dir='ltr'>computantur</span> <span class='ocrx_word' id='word_1_617' title='bbox 681 3341 768 3374; x_wconf 87' lang='lat' dir='ltr'>mille</span> <span class='ocrx_word' id='word_1_618' title='bbox 782 3345 815 3374; x_wconf 83' lang='lat' dir='ltr'>et</span> <span class='ocrx_word' id='word_1_619' title='bbox 833 3342 955 3383; x_wconf 74' lang='lat' dir='ltr'>viginti.</span> <span class='ocrx_word' id='word_1_620' title='bbox 1028 3343 1105 3372; x_wconf 80' lang='lat' dir='ltr'>Haec</span> 
     </span>
    </p>
   </div>
   <div class='ocr_carea' id='block_1_15' title="bbox 209 3399 673 3430">
    <p class='ocr_par' dir='ltr' id='par_1_25' title="bbox 209 3399 673 3430">
     <span class='ocr_line' id='line_1_87' title="bbox 209 3399 673 3430; baseline -0.004 0"><span class='ocrx_word' id='word_1_621' title='bbox 209 3399 402 3430; x_wconf 53' lang='lat' dir='ltr'>Fmeimwi</span> <span class='ocrx_word' id='word_1_622' title='bbox 426 3399 673 3430; x_wconf 73' lang='lat' dir='ltr'>His&#39;romcoaum.</span> 
     </span>
    </p>
   </div>
   <div class='ocr_carea' id='block_1_16' title="bbox 1122 2395 2192 2461">
    <p class='ocr_par' dir='ltr' id='par_1_26' title="bbox 1122 2395 2192 2461">
     <span class='ocr_line' id='line_1_88' title="bbox 1122 2395 2192 2461; baseline -0.005 -31"><span class='ocrx_word' id='word_1_623' title='bbox 1122 2397 1128 2461; x_wconf 64' lang='lat'><em>¹</em></span> <span class='ocrx_word' id='word_1_624' title='bbox 1152 2398 1250 2437; x_wconf 91' lang='lat' dir='ltr'>enim,</span> <span class='ocrx_word' id='word_1_625' title='bbox 1265 2397 1321 2438; x_wconf 87' lang='lat' dir='ltr'>qui</span> <span class='ocrx_word' id='word_1_626' title='bbox 1335 2406 1386 2430; x_wconf 88' lang='lat' dir='ltr'>res</span> <span class='ocrx_word' id='word_1_627' title='bbox 1404 2397 1528 2430; x_wconf 83' lang='lat' dir='ltr'>Atticas</span> <span class='ocrx_word' id='word_1_628' title='bbox 1545 2397 1706 2435; x_wconf 85' lang='lat' dir='ltr'>enarrant,</span> <span class='ocrx_word' id='word_1_629' title='bbox 1722 2395 1908 2428; x_wconf 86' lang='lat' dir='ltr'>Hellanicus</span> <span class='ocrx_word' id='word_1_630' title='bbox 1922 2396 1954 2427; x_wconf 90' lang='lat' dir='ltr'>et</span> <span class='ocrx_word' id='word_1_631' title='bbox 1968 2395 2192 2431; x_wconf 84' lang='lat' dir='ltr'>Philochorus,</span> 
     </span>
    </p>
   </div>
   <div class='ocr_carea' id='block_1_17' title="bbox 1149 2442 2195 3014">
    <p class='ocr_par' dir='ltr' id='par_1_27' title="bbox 1149 2442 2195 2858">
     <span class='ocr_line' id='line_1_89' title="bbox 1149 2442 2193 2486; baseline -0.005 -9"><span class='ocrx_word' id='word_1_632' title='bbox 1149 2446 1324 2478; x_wconf 86' lang='lat' dir='ltr'>Atthidum</span> <span class='ocrx_word' id='word_1_633' title='bbox 1340 2445 1526 2486; x_wconf 86' lang='lat' dir='ltr'>scriptores,</span> <span class='ocrx_word' id='word_1_634' title='bbox 1547 2445 1740 2477; x_wconf 89' lang='lat' dir='ltr'>memorant.</span> <span class='ocrx_word' id='word_1_635' title='bbox 1814 2443 1962 2475; x_wconf 89' lang='lat' dir='ltr'>Dicimus</span> <span class='ocrx_word' id='word_1_636' title='bbox 1975 2442 2094 2483; x_wconf 88' lang='lat' dir='ltr'>igitur,</span> <span class='ocrx_word' id='word_1_637' title='bbox 2111 2444 2193 2481; x_wconf 84' lang='lat' dir='ltr'>Ogy-</span> 
     </span>
     <span class='ocr_line' id='line_1_90' title="bbox 1154 2488 2193 2534; baseline -0.007 -9"><span class='ocrx_word' id='word_1_638' title='bbox 1154 2502 1237 2534; x_wconf 87' lang='lat' dir='ltr'>gem,</span> <span class='ocrx_word' id='word_1_639' title='bbox 1256 2493 1324 2534; x_wconf 88' lang='lat' dir='ltr'>qui,</span> <span class='ocrx_word' id='word_1_640' title='bbox 1340 2493 1429 2533; x_wconf 87' lang='lat' dir='ltr'>quod</span> <span class='ocrx_word' id='word_1_641' title='bbox 1442 2492 1569 2524; x_wconf 86' lang='lat' dir='ltr'>haustis</span> <span class='ocrx_word' id='word_1_642' title='bbox 1584 2500 1744 2533; x_wconf 89' lang='lat' dir='ltr'>aquarum</span> <span class='ocrx_word' id='word_1_643' title='bbox 1757 2491 1791 2522; x_wconf 88' lang='lat' dir='ltr'>vi</span> <span class='ocrx_word' id='word_1_644' title='bbox 1803 2499 1904 2532; x_wconf 85' lang='lat' dir='ltr'>quam</span> <span class='ocrx_word' id='word_1_645' title='bbox 1918 2489 2069 2531; x_wconf 84' lang='lat' dir='ltr'>plurimis</span> <span class='ocrx_word' id='word_1_646' title='bbox 2083 2488 2193 2519; x_wconf 89' lang='lat' dir='ltr'>salvus</span> 
     </span>
     <span class='ocr_line' id='line_1_91' title="bbox 1155 2535 2192 2581; baseline -0.007 -8"><span class='ocrx_word' id='word_1_647' title='bbox 1155 2543 1188 2573; x_wconf 88' lang='lat' dir='ltr'>et</span> <span class='ocrx_word' id='word_1_648' title='bbox 1211 2541 1387 2573; x_wconf 90' lang='lat' dir='ltr'>incolumis</span> <span class='ocrx_word' id='word_1_649' title='bbox 1410 2542 1577 2580; x_wconf 87' lang='lat' dir='ltr'>evaserat,</span> <span class='ocrx_word' id='word_1_650' title='bbox 1601 2540 1707 2581; x_wconf 87' lang='lat' dir='ltr'>primo</span> <span class='ocrx_word' id='word_1_651' title='bbox 1726 2539 1852 2571; x_wconf 88' lang='lat' dir='ltr'>diluvio</span> <span class='ocrx_word' id='word_1_652' title='bbox 1879 2546 1996 2569; x_wconf 89' lang='lat' dir='ltr'>nomen</span> <span class='ocrx_word' id='word_1_653' title='bbox 2019 2535 2127 2575; x_wconf 83' lang='lat' dir='ltr'>dedit,</span> <span class='ocrx_word' id='word_1_654' title='bbox 2154 2543 2192 2566; x_wconf 89' lang='lat' dir='ltr'>eo</span> 
     </span>
     <span class='ocr_line' id='line_1_92' title="bbox 1156 2585 2193 2630; baseline -0.008 -9"><span class='ocrx_word' id='word_1_655' title='bbox 1156 2589 1224 2621; x_wconf 79' lang='lat' dir='ltr'>fere</span> <span class='ocrx_word' id='word_1_656' title='bbox 1247 2591 1392 2630; x_wconf 91' lang='lat' dir='ltr'>tempore</span> <span class='ocrx_word' id='word_1_657' title='bbox 1417 2588 1540 2620; x_wconf 86' lang='lat' dir='ltr'>vixisse</span> <span class='ocrx_word' id='word_1_658' title='bbox 1555 2611 1564 2628; x_wconf 96' lang='lat'>,</span> <span class='ocrx_word' id='word_1_659' title='bbox 1589 2597 1655 2629; x_wconf 92' lang='lat' dir='ltr'>quo</span> <span class='ocrx_word' id='word_1_660' title='bbox 1676 2589 1786 2619; x_wconf 90' lang='lat' dir='ltr'>Moses</span> <span class='ocrx_word' id='word_1_661' title='bbox 1810 2585 1967 2627; x_wconf 88' lang='lat' dir='ltr'>populum</span> <span class='ocrx_word' id='word_1_662' title='bbox 1989 2592 2030 2616; x_wconf 89' lang='lat' dir='ltr'>ex</span> <span class='ocrx_word' id='word_1_663' title='bbox 2053 2585 2193 2623; x_wconf 86' lang='lat' dir='ltr'>AEgypto</span> 
     </span>
     <span class='ocr_line' id='line_1_93' title="bbox 1159 2629 2194 2676; baseline -0.006 -9"><span class='ocrx_word' id='word_1_664' title='bbox 1159 2636 1266 2668; x_wconf 86' lang='lat' dir='ltr'>duxit.</span> <span class='ocrx_word' id='word_1_665' title='bbox 1342 2637 1422 2667; x_wconf 90' lang='lat' dir='ltr'>Post</span> <span class='ocrx_word' id='word_1_666' title='bbox 1450 2637 1593 2676; x_wconf 85' lang='lat' dir='ltr'>Ogygem</span> <span class='ocrx_word' id='word_1_667' title='bbox 1622 2643 1700 2666; x_wconf 87' lang='lat' dir='ltr'>vero</span> <span class='ocrx_word' id='word_1_668' title='bbox 1715 2633 1843 2673; x_wconf 85' lang='lat' dir='ltr'>Attica,</span> <span class='ocrx_word' id='word_1_669' title='bbox 1862 2640 1935 2672; x_wconf 81' lang='lat' dir='ltr'>quae</span> <span class='ocrx_word' id='word_1_670' title='bbox 1960 2629 2083 2661; x_wconf 85' lang='lat' dir='ltr'>diluvio</span> <span class='ocrx_word' id='word_1_671' title='bbox 2100 2629 2194 2661; x_wconf 88' lang='lat' dir='ltr'>valde</span> 
     </span>
     <span class='ocr_line' id='line_1_94' title="bbox 1156 2675 2194 2723; baseline -0.009 -8"><span class='ocrx_word' id='word_1_672' title='bbox 1156 2684 1244 2715; x_wconf 77' lang='lat' dir='ltr'>esset</span> <span class='ocrx_word' id='word_1_673' title='bbox 1260 2685 1396 2723; x_wconf 87' lang='lat' dir='ltr'>vexata,</span> <span class='ocrx_word' id='word_1_674' title='bbox 1424 2683 1494 2715; x_wconf 89' lang='lat' dir='ltr'>sine</span> <span class='ocrx_word' id='word_1_675' title='bbox 1518 2691 1592 2723; x_wconf 86' lang='lat' dir='ltr'>rege</span> <span class='ocrx_word' id='word_1_676' title='bbox 1607 2684 1676 2714; x_wconf 78' lang='lat' dir='ltr'>erat</span> <span class='ocrx_word' id='word_1_677' title='bbox 1697 2689 1801 2713; x_wconf 88' lang='lat' dir='ltr'>annos</span> <span class='ocrx_word' id='word_1_678' title='bbox 1825 2680 1957 2711; x_wconf 88' lang='lat' dir='ltr'>centum</span> <span class='ocrx_word' id='word_1_679' title='bbox 1975 2678 2007 2709; x_wconf 89' lang='lat' dir='ltr'>et</span> <span class='ocrx_word' id='word_1_680' title='bbox 2028 2675 2194 2717; x_wconf 88' lang='lat' dir='ltr'>octoginta</span> 
     </span>
     <span class='ocr_line' id='line_1_95' title="bbox 1157 2725 2193 2771; baseline -0.01 -8"><span class='ocrx_word' id='word_1_681' title='bbox 1157 2739 1278 2762; x_wconf 90' lang='lat' dir='ltr'>novem</span> <span class='ocrx_word' id='word_1_682' title='bbox 1303 2739 1409 2771; x_wconf 90' lang='lat' dir='ltr'>usque</span> <span class='ocrx_word' id='word_1_683' title='bbox 1433 2730 1472 2762; x_wconf 85' lang='lat' dir='ltr'>ad</span> <span class='ocrx_word' id='word_1_684' title='bbox 1498 2732 1689 2770; x_wconf 86' lang='lat' dir='ltr'>Cecropem.</span> <span class='ocrx_word' id='word_1_685' title='bbox 1716 2729 1864 2760; x_wconf 78' lang='lat' dir='ltr'>Actaeum</span> <span class='ocrx_word' id='word_1_686' title='bbox 1889 2725 1975 2756; x_wconf 87' lang='lat' dir='ltr'>enim</span> <span class='ocrx_word' id='word_1_687' title='bbox 1992 2725 2025 2756; x_wconf 90' lang='lat' dir='ltr'>et</span> <span class='ocrx_word' id='word_1_688' title='bbox 2052 2731 2193 2764; x_wconf 89' lang='lat' dir='ltr'>quorum</span> 
     </span>
     <span class='ocr_line' id='line_1_96' title="bbox 1156 2770 2195 2819; baseline -0.01 -9"><span class='ocrx_word' id='word_1_689' title='bbox 1156 2778 1290 2810; x_wconf 86' lang='lat' dir='ltr'>nomina</span> <span class='ocrx_word' id='word_1_690' title='bbox 1303 2777 1469 2819; x_wconf 85' lang='lat' dir='ltr'>finguntur</span> <span class='ocrx_word' id='word_1_691' title='bbox 1487 2778 1562 2818; x_wconf 90' lang='lat' dir='ltr'>post</span> <span class='ocrx_word' id='word_1_692' title='bbox 1578 2779 1734 2817; x_wconf 86' lang='lat' dir='ltr'>Ogygem,</span> <span class='ocrx_word' id='word_1_693' title='bbox 1752 2773 1886 2806; x_wconf 90' lang='lat' dir='ltr'>omnino</span> <span class='ocrx_word' id='word_1_694' title='bbox 1901 2772 2008 2803; x_wconf 91' lang='lat' dir='ltr'>nullos</span> <span class='ocrx_word' id='word_1_695' title='bbox 2025 2770 2128 2802; x_wconf 87' lang='lat' dir='ltr'>fuisse</span> <span class='ocrx_word' id='word_1_696' title='bbox 2149 2770 2195 2802; x_wconf 90' lang='lat' dir='ltr'>di-</span> 
     </span>
     <span class='ocr_line' id='line_1_97' title="bbox 1157 2825 1440 2858; baseline 0 -1"><span class='ocrx_word' id='word_1_697' title='bbox 1157 2826 1202 2857; x_wconf 86' lang='lat' dir='ltr'>cit</span> <span class='ocrx_word' id='word_1_698' title='bbox 1217 2825 1440 2858; x_wconf 86' lang='lat' dir='ltr'>Philochorus.</span> 
     </span>
    </p>

    <p class='ocr_par' dir='ltr' id='par_1_28' title="bbox 1158 2917 2194 3014">
     <span class='ocr_line' id='line_1_98' title="bbox 1201 2917 2194 2965; baseline -0.009 -7"><span class='ocrx_word' id='word_1_699' title='bbox 1201 2926 1301 2958; x_wconf 82' lang='lat' dir='ltr'>Mosis</span> <span class='ocrx_word' id='word_1_700' title='bbox 1315 2928 1352 2958; x_wconf 91' lang='lat' dir='ltr'>ut</span> <span class='ocrx_word' id='word_1_701' title='bbox 1376 2923 1502 2965; x_wconf 88' lang='lat' dir='ltr'>antiqui</span> <span class='ocrx_word' id='word_1_702' title='bbox 1524 2923 1714 2955; x_wconf 84' lang='lat' dir='ltr'>Judaeerum</span> <span class='ocrx_word' id='word_1_703' title='bbox 1739 2920 1832 2954; x_wconf 89' lang='lat' dir='ltr'>ducis</span> <span class='ocrx_word' id='word_1_704' title='bbox 1853 2918 2054 2951; x_wconf 87' lang='lat' dir='ltr'>mentionem</span> <span class='ocrx_word' id='word_1_705' title='bbox 2071 2917 2194 2950; x_wconf 81' lang='lat' dir='ltr'>faciunt</span> 
     </span>
     <span class='ocr_line' id='line_1_99' title="bbox 1158 2965 2194 3014; baseline -0.009 -9"><span class='ocrx_word' id='word_1_706' title='bbox 1158 2982 1260 3014; x_wconf 88' lang='lat' dir='ltr'>quum</span> <span class='ocrx_word' id='word_1_707' title='bbox 1277 2973 1300 3004; x_wconf 93' lang='lat' dir='ltr'>ii</span> <span class='ocrx_word' id='word_1_708' title='bbox 1313 2972 1369 3013; x_wconf 88' lang='lat' dir='ltr'>qui</span> <span class='ocrx_word' id='word_1_709' title='bbox 1384 2980 1435 3003; x_wconf 89' lang='lat' dir='ltr'>res</span> <span class='ocrx_word' id='word_1_710' title='bbox 1456 2970 1579 3003; x_wconf 81' lang='lat' dir='ltr'>Atticas</span> <span class='ocrx_word' id='word_1_711' title='bbox 1595 2971 1758 3008; x_wconf 87' lang='lat' dir='ltr'>enarrant,</span> <span class='ocrx_word' id='word_1_712' title='bbox 1773 2967 1960 3000; x_wconf 88' lang='lat' dir='ltr'>Hellanicus</span> <span class='ocrx_word' id='word_1_713' title='bbox 1977 2967 2010 2998; x_wconf 83' lang='lat' dir='ltr'>et</span> <span class='ocrx_word' id='word_1_714' title='bbox 2025 2965 2194 2998; x_wconf 90' lang='lat' dir='ltr'>Philocho-</span> 
     </span>
    </p>
   </div>
   <div class='ocr_carea' id='block_1_18' title="bbox 1158 3013 2195 3109">
    <p class='ocr_par' dir='ltr' id='par_1_29' title="bbox 1158 3013 2195 3109">
     <span class='ocr_line' id='line_1_100' title="bbox 1159 3013 2195 3061; baseline -0.008 -8"><span class='ocrx_word' id='word_1_715' title='bbox 1159 3030 1227 3061; x_wconf 89' lang='lat' dir='ltr'>rus,</span> <span class='ocrx_word' id='word_1_716' title='bbox 1250 3021 1420 3053; x_wconf 78' lang='lat' dir='ltr'>Atthidum</span> <span class='ocrx_word' id='word_1_717' title='bbox 1436 3018 1620 3060; x_wconf 82' lang='lat' dir='ltr'>scriptores,</span> <span class='ocrx_word' id='word_1_718' title='bbox 1639 3019 1758 3050; x_wconf 86' lang='lat' dir='ltr'>Castor</span> <span class='ocrx_word' id='word_1_719' title='bbox 1774 3018 1806 3049; x_wconf 89' lang='lat' dir='ltr'>et</span> <span class='ocrx_word' id='word_1_720' title='bbox 1814 3014 1961 3053; x_wconf 86' lang='lat' dir='ltr'>Thallus,</span> <span class='ocrx_word' id='word_1_721' title='bbox 1976 3016 2046 3045; x_wconf 87' lang='lat' dir='ltr'>tum</span> <span class='ocrx_word' id='word_1_722' title='bbox 2061 3013 2195 3046; x_wconf 79' lang='lat' dir='ltr'>Alexan-</span> 
     </span>
     <span class='ocr_line' id='line_1_101' title="bbox 1158 3069 1426 3109; baseline -0.011 -8"><span class='ocrx_word' id='word_1_723' title='bbox 1158 3070 1215 3101; x_wconf 88' lang='lat' dir='ltr'>der</span> <span class='ocrx_word' id='word_1_724' title='bbox 1232 3069 1426 3109; x_wconf 77' lang='lat' dir='ltr'>polyhistor.</span> 
     </span>
    </p>
   </div>
   <div class='ocr_carea' id='block_1_19' title="bbox 1614 3118 1739 3129">
    <p class='ocr_par' dir='ltr' id='par_1_30' title="bbox 1614 3118 1739 3129">
     <span class='ocr_line' id='line_1_102' title="bbox 1614 3118 1739 3129; baseline -0.008 0"><span class='ocrx_word' id='word_1_725' title='bbox 1614 3118 1739 3129; x_wconf 50' lang='lat' dir='ltr'>-aeo-</span> 
     </span>
    </p>
   </div>
   <div class='ocr_carea' id='block_1_20' title="bbox 1563 3166 1793 3205">
    <p class='ocr_par' dir='ltr' id='par_1_31' title="bbox 1563 3166 1793 3205">
     <span class='ocr_line' id='line_1_103' title="bbox 1563 3166 1793 3205; baseline -0.013 0"><span class='ocrx_word' id='word_1_726' title='bbox 1563 3166 1715 3205; x_wconf 88' lang='lat' dir='ltr'>LIBER</span> <span class='ocrx_word' id='word_1_727' title='bbox 1744 3166 1793 3204; x_wconf 90' lang='grc' dir='ltr'>ΙΙ.</span> 
     </span>
    </p>
   </div>
   <div class='ocr_carea' id='block_1_21' title="bbox 1646 3238 1709 3271">
    <p class='ocr_par' dir='ltr' id='par_1_32' title="bbox 1646 3238 1709 3271">
     <span class='ocr_line' id='line_1_104' title="bbox 1646 3238 1709 3271; baseline 0 -1"><span class='ocrx_word' id='word_1_728' title='bbox 1646 3238 1709 3271; x_wconf 84' lang='grc'>10.</span> 
     </span>
    </p>
   </div>
   <div class='ocr_carea' id='block_1_22' title="bbox 1161 3287 2197 3380">
    <p class='ocr_par' dir='ltr' id='par_1_33' title="bbox 1161 3287 2197 3380">
     <span class='ocr_line' id='line_1_105' title="bbox 1201 3287 2192 3333; baseline -0.006 -9"><span class='ocrx_word' id='word_1_729' title='bbox 1201 3293 1342 3333; x_wconf 86' lang='lat' dir='ltr'>Cecrops</span> <span class='ocrx_word' id='word_1_730' title='bbox 1366 3291 1519 3332; x_wconf 85' lang='lat' dir='ltr'>regnabat</span> <span class='ocrx_word' id='word_1_731' title='bbox 1548 3291 1582 3322; x_wconf 92' lang='lat' dir='ltr'>in</span> <span class='ocrx_word' id='word_1_732' title='bbox 1603 3289 1733 3328; x_wconf 86' lang='lat' dir='ltr'>Attica,</span> <span class='ocrx_word' id='word_1_733' title='bbox 1757 3297 1832 3329; x_wconf 83' lang='lat' dir='ltr'>quae</span> <span class='ocrx_word' id='word_1_734' title='bbox 1846 3290 1916 3320; x_wconf 91' lang='lat' dir='ltr'>tum</span> <span class='ocrx_word' id='word_1_735' title='bbox 1937 3287 2094 3328; x_wconf 90' lang='lat' dir='ltr'>temporis</span> <span class='ocrx_word' id='word_1_736' title='bbox 2113 3288 2192 3319; x_wconf 84' lang='lat' dir='ltr'>Acte</span> 
     </span>
     <span class='ocr_line' id='line_1_106' title="bbox 1161 3333 2197 3380; baseline -0.008 -9"><span class='ocrx_word' id='word_1_737' title='bbox 1161 3339 1340 3371; x_wconf 80' lang='lat' dir='ltr'>vocabatur</span> <span class='ocrx_word' id='word_1_738' title='bbox 1354 3363 1364 3380; x_wconf 93' lang='lat'>,</span> <span class='ocrx_word' id='word_1_739' title='bbox 1380 3337 1612 3379; x_wconf 81' lang='lat' dir='ltr'>quinquaginta</span> <span class='ocrx_word' id='word_1_740' title='bbox 1636 3344 1754 3375; x_wconf 73' lang='lat' dir='ltr'>amos,</span> <span class='ocrx_word' id='word_1_741' title='bbox 1774 3334 1916 3377; x_wconf 76' lang='lat' dir='ltr'>diphyes</span> <span class='ocrx_word' id='word_1_742' title='bbox 1934 3333 2112 3375; x_wconf 87' lang='lat' dir='ltr'>appellatus</span> <span class='ocrx_word' id='word_1_743' title='bbox 2128 3341 2197 3374; x_wconf 87' lang='lat' dir='ltr'>pro-</span> 
     </span>
    </p>
   </div>
   <div class='ocr_carea' id='block_1_23' title="bbox 2058 3393 2096 3421">
    <p class='ocr_par' dir='ltr' id='par_1_34' title="bbox 2058 3393 2096 3421">
     <span class='ocr_line' id='line_1_107' title="bbox 2058 3393 2096 3421; baseline 0.026 -1"><span class='ocrx_word' id='word_1_744' title='bbox 2058 3393 2096 3421; x_wconf 83' lang='lat'>25</span> 
     </span>
    </p>
   </div>
  </div>
 </body>
</html>
