2320 3684
163 187 2095 270 Offiffifflssffissffiffiffifflssssffi³ffiffiffl
2126 206 2143 251 t:
2176 206 2193 248 τς
2222 196 2270 249 413

746 338 1708 494 XANTHI

857 624 1599 709 FRAGMENTA.·

570 878 798 916 ΛΥΔΙΑΚΑ.

222 1084 382 1133 Dionys.
404 1082 597 1121 Halicarn.
615 1082 745 1133 Antiq.
762 1085 798 1129 I,
818 1083 866 1119 28
880 1111 890 1129 ,
914 1095 950 1132 p.
973 1084 1021 1128 73
1043 1082 1170 1119 Reisk.
1188 1096 1196 1117 :

171 1145 307 1188 Ξάνθος
326 1142 361 1182 δὲ
381 1146 399 1182 ὃ
419 1143 532 1186 Λυδὸς
551 1142 708 1196 ἱστορίας
734 1143 906 1189 παλαιᾶς,
925 1142 954 1180 εἷ
981 1141 1042 1180 καί
1065 1157 1116 1185 τις
1135 1140 1198 1179 ἄλ-

168 1205 245 1251 λος,
262 1202 424 1257 ἔμπειρος
443 1202 507 1255 ὢν,
530 1205 592 1250 τῆς
622 1202 658 1240 δὲ
689 1201 836 1255 πατρίου
855 1202 916 1240 καὶ
947 1200 1141 1254 βεὸαιωτὴς
1155 1200 1196 1239 ἂν

168 1262 303 1306 οὐδενὸς
328 1261 572 1315 ὑποδεέστερος
590 1260 783 1312 νομισθεὶς,
803 1260 882 1299 οὔτε
901 1260 1082 1314 Τυῤῥηνὸν
1106 1259 1197 1298 ὠνό-

170 1337 279 1372 μακεν
300 1322 453 1372 οὐδαμοῦ
486 1323 548 1367 τῆς
595 1323 730 1373 γραφῆς
762 1317 935 1366 δυνάστην
963 1319 1102 1368 Λυδῶν,
1119 1317 1198 1357 οὔτε

169 1379 333 1418 ἀποικίαν
351 1379 520 1427 Μηϊόνων
541 1380 587 1422 εἷς
608 1378 761 1417 Ἰταλίαν
779 1381 1028 1430 κατασχοῦσαν
1048 1376 1198 1415 ἐπίστα-

168 1454 246 1487 ται,
275 1438 473 1497 Τυρρηνίας
499 1454 536 1476 τε
557 1437 700 1489 μνήμην
729 1439 776 1481 ὣς
805 1437 928 1476 Λυδῶν
956 1435 1198 1487 ἀποικήσεως,

166 1494 421 1551 ταπεινοτέρων
437 1496 551 1535 ἄλλων
567 1495 806 1548 μεμνημένος,
822 1495 985 1547 ουδεμίαν
996 1495 1197 1543 πεποίηται·

167 1556 288 1600 Ἄτυος
305 1555 342 1594 δὲ
360 1556 488 1599 παῖδας
504 1554 665 1607 γενέσθαι
683 1554 778 1606 λέγει
793 1554 904 1594 Λυδὸν
923 1554 983 1593 καὶ
1001 1553 1196 1608 Τόῤῥηὸον·

168 1614 311 1659 τούτους
345 1614 395 1663 δὲ,
429 1614 682 1668 μερισαμένους
711 1613 776 1661 τὴν
803 1612 970 1668 πατρῴαν
998 1613 1124 1667 ἀρχὴν,
1162 1615 1198 1652 ἐν

170 1673 266 1713 Ἀσία
296 1679 506 1724 καταμεῖναι
531 1672 766 1725 ἀμφοτέρους,
797 1672 856 1711 καὶ
882 1678 953 1716 τοῖς
981 1666 1176 1722 ἔθνεσιν,
1150 1676 1198 1711 ὧν

168 1714 288 1794 ηρξαν,
308 1733 363 1770 ἐπ’
383 1732 521 1771 ἐκείνων
539 1731 624 1806 φησι
642 1747 679 1770 τε
682 1733 782 1779 θῆναι
801 1730 896 1775 τὰς’
880 1731 1069 1782 ονομασίας
1086 1730 1198 1783 λέγων

168 1785 269 1830 ‹aet-:w
268 1791 491 1831 «ἈπὸΛυδοῦ
509 1790 572 1842 μὲν
583 1790 865 1842 γίνονταιΛυδοὶ,
879 1790 949 1829 ἀπὸ
959 1789 995 1828 δὲ
1013 1790 1199 1844 Τορρήὅου

168 1849 358 1904 Τόῤῥηὸοι·
372 1849 504 1888 τούτων
518 1853 540 1896 ἡ
555 1851 698 1901 γλωσσα
713 1848 828 1901 ὀλίγον
841 1848 1047 1904 παραφέρει,
1064 1850 1122 1888 καὶ
1139 1853 1198 1888 νῦν

169 1908 221 1947 ἔτι
235 1911 398 1947 συλοῦσιν
418 1908 591 1956 ἀλληλους
607 1907 747 1961 ῥηματα
767 1910 830 1947 οὐκ
845 1907 1004 1961 ὀλίγα,”
979 1924 1098 1964 ωσπερ
1117 1908 1198 1948 Ἰω-

170 1984 224 2012 νες
242 1968 301 2006 καὶ
322 1970 477 2022 Δωριεῖς.
491 1986 507 2002 »

671 2039 707 2077 2.

222 2120 280 2156 Ex
291 2118 425 2156 eodem
438 2118 544 2155 fonte
555 2131 623 2156 sua
633 2118 804 2156 hausisse
818 2128 979 2170 apparet
995 2119 1198 2157 Nicolaum

169 2180 451 2216 Damascenum
465 2176 566 2227 apud
584 2177 713 2228 Steph.
734 2181 824 2227 Byz.
843 2191 879 2228 p.
895 2177 916 2214 ‘1
930 2179 975 2215 16
987 2178 1046 2216 ed.
1063 2179 1198 2216 Orell.:

168 2235 363 2289 Τόρῤηὸοε,
384 2235 483 2279 πόλις
509 2235 638 2279 Λυδίας
665 2235 735 2274 ἀπὸ
763 2235 947 2289 Τοῤῥήὸου
981 2241 1043 2275 τοῦ
1067 2234 1198 2282 Ἄτυος.

170 2295 234 2334 Ἐν
258 2293 294 2332 δὲ
311 2298 354 2346 τῇ
369 2296 402 2333 Τ
404 2293 562 2347 οῤῥηὸίδι
590 2294 684 2333 ἔστιν
706 2295 783 2348 ὅρος
809 2294 940 2349 Κάριος
972 2291 1199 2347 καλούμενον,

168 2353 229 2391 καὶ
247 2353 337 2406 ἱερὸν
356 2357 417 2391 τοῦ
440 2353 573 2406 Καρίου
600 2355 681 2391 ἐκεῖ.
710 2353 839 2407 Κάριος
865 2355 902 2392 δὲ
927 2354 1009 2398 Διὸς
1036 2361 1119 2399 παῖς
1137 2356 1197 2394 καὶ

550 2465 829 2505 LYDIACA.

675 2547 707 2580 1.

211 2601 253 2633 At
265 2600 413 2632 Xanthus
429 2599 542 2641 Lydus
569 2598 644 2640 (qui
661 2599 776 2640 priscae
790 2600 935 2634 historiae
950 2627 959 2642 ‚
974 2602 1002 2634 si
1017 2603 1091 2643 quis
1104 2601 1199 2641 alius,

169 2651 218 2681 est
232 2648 357 2690 peritus
368 2671 378 2687 ,
394 2648 516 2689 quique
540 2647 653 2688 patriae
667 2646 812 2679 historiae
833 2650 946 2681 auctor
961 2650 1050 2682 nullo
1067 2651 1133 2683 alio
1148 2650 1203 2682 ha-

169 2696 257 2728 bitus
269 2697 319 2728 est
334 2695 476 2735 inferior)
491 2695 525 2726 in
542 2694 611 2726 suis
627 2693 758 2735 scriptis
773 2694 863 2726 nullo
879 2697 977 2728 modo
999 2698 1202 2738 Tyrrhenum

170 2743 336 2784 Lydorum
352 2742 532 2783 principem
552 2741 716 2781 nominat3
740 2749 845 2782 neque
860 2742 959 2774 ullam
973 2745 1137 2776 Maeonum
1150 2753 1201 2776 co-

170 2791 290 2823 loniam
306 2789 340 2821 in
355 2789 480 2821 Italiam
497 2789 662 2830 appulisse
680 2788 761 2827 scit;
780 2797 885 2829 neque
895 2789 994 2821 ullam
1002 2790 1201 2831 Tyrrheniae,

169 2840 323 2878 tanquam
339 2837 507 2878 Lydorum
525 2835 661 2868 coloniae
675 2859 685 2877 ‚
714 2835 913 2868 mentionem
926 2836 1002 2868 facit
1016 2860 1025 2876 ,
1052 2837 1201 2877 quamvis

172 2884 360 2924 ignobiliora
387 2883 448 2915 alia
481 2891 518 2914 ac
546 2883 666 2915 leviora
693 2884 872 2915 memoret:
890 2882 1020 2923 Lydum
1068 2892 1145 2915 vero
1171 2885 1203 2915 et

171 2931 372 2963 Torrhebum
397 2932 498 2973 Atyos
519 2930 602 2963 filios
626 2929 727 2961 fuisse
749 2929 839 2962 dicit.
877 2931 946 2962 Hos
975 2938 1054 2962 vero
1089 2929 1202 2961 ambos

171 2986 268 3018 regno
284 2980 417 3019 paterno
436 2978 520 3009 inter
536 2986 571 3009 se
595 2976 702 3010 diviso
723 2979 758 3008 in
770 2976 846 3009 Asia
867 2976 1062 3008 remansisse
1076 2999 1085 3015 ‚
1105 2975 1202 3016 genti-

171 3023 308 3064 busque,
325 3024 444 3064 quibus
457 3024 668 3065 imperarunt,
685 3031 803 3055 nomen
817 3022 857 3055 ab
868 3022 931 3055 illis
943 3023 1084 3055 inditum
1097 3022 1200 3054 fuisse

173 3070 261 3101 dicit.
294 3073 399 3110 Atque
425 3071 495 3102 haec
534 3072 611 3102 sunt
636 3070 706 3110 ejus
739 3069 863 3101 verba:
884 3072 942 3102 «A
977 3070 1070 3111 Lydo
1103 3069 1199 3110 Lydi,

175 3130 190 3144 ι
204 3126 222 3148 a
247 3117 409 3148 Torrhebo
458 3117 612 3150 Torrhebi
649 3118 736 3150 sunt.
773 3118 898 3149 Horum
934 3117 1041 3159 lingua
1087 3125 1200 3158 parum

175 3177 190 3192 κ
207 3163 335 3195 diversa
358 3167 430 3203 est,
459 3167 490 3197 et
526 3173 613 3197 nunc
641 3173 772 3206 quoque
799 3164 890 3197 alteri
926 3165 1098 3197 alterorum
1135 3173 1201 3196 non

177 3223 191 3238 «
204 3218 305 3250 pauca
320 3210 477 3242 vocabula
496 3214 663 3252 usurpant,
684 3211 958 3252 quemadmodum
975 3214 1069 3244 Iones
1085 3212 1118 3243 et
1138 3212 1200 3242 Do·

178 3269 192 3283 «ι
208 3265 340 3289 nenses.
355 3269 371 3284 n

216 3355 399 3387 Torrhebus
414 3379 423 3395 ,
440 3355 518 3386 urbs
534 3355 647 3395 Lydiae
659 3306 715 3394 ,2a
731 3357 895 3389 Torrhebo
909 3381 917 3397 ‚
944 3359 1043 3397 Atyos
1059 3356 1137 3388 filio.
1161 3358 1199 3388 In

174 3402 372 3435 Torrhebide
391 3403 499 3435 autem
522 3407 614 3434 mons
627 3404 676 3435 est
689 3404 802 3436 carius
818 3403 1021 3443 nominatus,
1045 3404 1078 3436 in
1093 3411 1195 3444 eoque

1260 874 1472 929 Τοῤῥηὸίας,
1489 878 1535 919 ὡς
1553 875 1723 920 Νικόλαος
1733 876 1900 930 τετάρτῳ·
1920 875 1956 920 ὃς
1974 876 2189 928 πλαζόμενος
2204 877 2286 931 περί

1258 950 1336 973 τινα
1350 934 1490 985 λίμνην,
1510 935 1586 983 ἥτις
1607 935 1668 972 ἀπ’
1689 937 1794 973 αὐτοῦ
1811 934 1992 988 Τοῤῥηὸία
2013 935 2156 983 ἐκλήθη,
2175 937 2284 989 φθογ-

1257 996 1321 1044 γῆς
1334 994 1490 1046 Νυμφῶν
1510 992 1682 1044 ἀκούσας,
1703 993 1743 1037 ἃς
1761 993 1820 1031 καὶ
1839 993 1985 1037 Μούσας
2002 993 2108 1032 Λυδοὶ
2126 994 2286 1042 καλοῦσι,

1258 1051 1318 1090 καὶ
1338 1050 1508 1103 μουσικὴν
1528 1051 1709 1104 ἐδιδάχθη,
1728 1052 1787 1091 καὶ
1808 1050 1908 1096 αὐτὸς
1930 1051 2034 1104 (τοὺς)
2053 1051 2186 1096 Λυδοὺς
2219 1052 2285 1091 ἐδί-

1258 1109 1337 1154 δαξε
1353 1109 1398 1150 τὰ
1418 1109 1524 1162 μέλη.

1311 1226 1552 1265 Eratosthen.
1577 1229 1692 1279 apud.
1717 1228 1893 1267 Strabon.
1912 1231 1943 1277 I,
1962 1242 2001 1279 p.
2029 1230 2237 1279 493Ταῦτα
2257 1227 2285 1265 δ”

1259 1283 1365 1322 εἰπὼν
1384 1286 1686 1338 (Eratosthenes)
1701 1285 1764 1333 τὴν
1786 1285 1992 1340 Στράτωνος
2023 1288 2157 1325 ἐπαινεῖ
2186 1284 2287 1331 δόξαν

1258 1346 1319 1380 τοῦ
1336 1348 1496 1396 φυσικοῦ,
1522 1344 1583 1382 καὶ
1609 1343 1661 1382 ἔτι
1698 1344 1837 1383 Ξάνθου
1871 1348 1933 1383 τοῦ
1958 1345 2095 1384 Λυδοῦ·
2125 1349 2186 1384 τοῦ
2223 1343 2287 1396 μὲν

1260 1398 1401 1440 Ξάνθου
1428 1401 1608 1454 λέγοντος,
1631 1402 1689 1441 ἐπὶ
1722 1401 1945 1457 Ἀρταξέρξου
1978 1401 2139 1455 γενέσθαι
2176 1402 2287 1455 μέγαν

1260 1466 1410 1520 αὐχμὸν,
1430 1466 1514 1505 ὥστ’
1543 1469 1696 1506 ἐκλιπεῖν
1726 1467 1927 1520 ποταμοὺς,
1965 1469 2025 1507 καὶ
2058 1469 2183 1521 λίμνας
2227 1470 2286 1509 καὶ

1258 1526 1412 1580 φρέατα·
1435 1526 1539 1565 αὐτὸν
1564 1525 1600 1565 δὲ
1623 1526 1751 1565 εἰδέναι
1777 1528 1942 1580 πολλαχῆ
1975 1527 2097 1582 πρόσω
2115 1527 2186 1567 ἀπὸ
2219 1531 2286 1576 τῆς

1259 1584 1439 1632 θαλάσσης
1476 1585 1590 1629 λίθους
1619 1601 1658 1624 τε
1691 1585 1939 1638 κογχυλιώδεις
1977 1586 2150 1639 (quidam
2171 1588 2287 1626 codd.

1257 1643 1371 1687 λίθους
1386 1660 1424 1682 τε
1439 1643 1500 1682 καὶ
1518 1660 1618 1697 κογχ.
1651 1645 1845 1683 ειΙίἰτλίθον
1877 1661 1915 1683 τε
1945 1645 2194 1698 κογχυλιώδη),
2227 1645 2287 1684 καὶ

1262 1701 1308 1740 τὰ
1344 1702 1534 1754 κτενώδεα,
1574 1702 1632 1741 καὶ
1668 1704 1877 1756 χηραμίδων
1910 1703 2122 1755 τυπώματα,
2148 1702 2210 1742 καὶ
2232 1705 2286 1743 λι·

1260 1761 1508 1812 μνοθάλασσαν
1519 1763 1554 1800 ἐν
1566 1761 1754 1815 Ἀρμενίοις
1765 1762 1823 1800 καὶ
1832 1763 1867 1800 ἐν
1878 1764 2092 1810 Ματτιηνοῖς
2104 1763 2166 1815 (ai.
2185 1764 2287 1802 Ματ-

1259 1826 1406 1869 τινηοῖς,
1427 1834 1586 1871 prorsus
1604 1820 1713 1859 abest
1732 1834 1754 1859 a
1769 1821 1863 1860 Cod.
1879 1821 2040 1872 Veneto)
2058 1821 2118 1860 καὶ
2133 1822 2169 1860 ἐν
2187 1823 2287 1873 Φρυ-

1260 1879 1319 1934 γία
1338 1882 1382 1932 τῇ
1403 1879 1513 1918 κάτω·
1535 1873 1582 1918 ὧν
1609 1878 1710 1918 ἕνεκα
1728 1879 1908 1918 πείθεσθαι
1929 1879 1974 1918 τὰ
1992 1879 2097 1919 πεδία
2115 1878 2199 1918 ποτὲ
2219 1880 2287 1918 θά-

1258 1939 1389 1976 λατταν
1405 1937 1576 1990 γενέσθαι.

1313 2056 1453 2095 Strabo
1470 2060 1614 2129 ΧΙΙ,Ρ.
1637 2056 1733 2107 579:
1748 2056 1899 2095 Ἀκούειν
1916 2055 1984 2095 δ”
1964 2072 2038 2096 εστι
2059 2056 2118 2095 καὶ
2130 2058 2201 2095 τῶν
2219 2071 2287 2094 πα-

1260 2116 1368 2154 λαιῶν
1389 2114 1629 2169 συγγραφέων
1650 2118 1707 2153 οἵα
1706 2115 1829 2176 Νφησὶν
1848 2118 1867 2154 ὁ
1888 2114 1934 2154 τὰ
1951 2115 2064 2156 Λύδια
2082 2115 2287 2170 συγγράψας

1260 2175 1416 2223 Ξάνθος,
1438 2173 1665 2226 διηγούμενος
1692 2178 1762 2212 οἷαι
1789 2174 1982 2225 μεταὸολαὶ
2001 2173 2173 2227 κατέσχον
2197 2175 2286 2212 πολ-

1259 2235 1359 2279 λάκις
1377 2233 1440 2282 τὴν
1456 2234 1576 2289 χώραν
1597 2233 1727 2280 ταύτην
1745 2233 1919 2286 (Lydiam
1940 2243 1978 2272 et
1990 2233 2225 2285 Phrygiam),
2237 2235 2286 2270 ὧν

1258 2293 1442 2346 ἐμνήσθη
1435 2292 1497 2332 μέν
1520 2309 1587 2332 που
1604 2292 1699 2331 καὶ’
1684 2308 1719 2330 εν
1744 2297 1817 2336 τοῖς
1830 2291 1991 2345 πρόσθεν·
2009 2291 2068 2330 καὶ
2094 2291 2136 2340 δὴ
2154 2290 2214 2331 καὶ
2243 2289 2287 2329 τὰ

1258 2353 1340 2406 περὶ
1351 2352 1409 2391 τὸν
1439 2354 1594 2405 Τυφῶνα
1616 2351 1712 2398 πάθη
1734 2352 1882 2389 ἐνταῦθα
1912 2350 2108 2401 μυθεύουσι,
2127 2350 2188 2389 καὶ
2209 2348 2288 2392 τους

1263 2474 1391 2498 sacrum
1407 2463 1492 2496 carii
1509 2488 1517 2503 ,
1533 2463 1626 2495 Jovis
1639 2462 1695 2494 filii
1710 2471 1752 2494 ex
1767 2461 1943 2494 Torrhebia
1954 2484 1963 2500 ‚
1983 2463 2020 2493 ut
2035 2461 2080 2493 ait
2092 2461 2242 2494 Nicolaus
2254 2461 2287 2493 li·

1261 2513 1321 2544 bro
1337 2513 1472 2553 quarto,
1500 2510 1556 2551 qui
1583 2509 1667 2541 circa
1681 2509 1788 2540 lacum
1815 2508 1976 2548 quendam
2013 2516 2123 2540 errans
2157 2507 2199 2540 ab
2230 2508 2287 2540 illo

1260 2558 1438 2591 Torrhebia
1452 2557 1657 2589 nominatum
1672 2579 1682 2595 ‚
1701 2563 1802 2596 quum
1819 2555 2042 2596 Nympharum
2057 2578 2067 2594 ,
2092 2563 2172 2596 quas
2189 2553 2287 2587 etiam

1260 2608 1371 2638 Musas
1385 2604 1469 2645 Lydi
1485 2603 1611 2643 dicunt,
1628 2611 1726 2634 voces
1741 2601 1906 2641 audiisset,
1919 2601 2076 2633 musicam
2089 2601 2224 2634 edoctus
2235 2602 2287 2634 est

1261 2653 1358 2692 atque
1379 2651 1449 2692 ipse
1462 2650 1572 2691 Lydos
1586 2649 1730 2682 carmina
1747 2649 1847 2689 lyrica
1868 2648 2007 2680 edocuit.

1301 2750 1361 2783 His
1377 2750 1474 2782 dictis
1491 2748 1766 2790 (Eratosthenes)
1779 2747 1937 2780 Stratonis
1952 2747 2078 2789 physici
2090 2746 2202 2779 laudat
2215 2755 2284 2779 sen·

1260 2797 1395 2829 tentiam
1427 2797 1460 2828 et
1492 2796 1611 2828 Xanthi
1642 2795 1736 2836 Lydi.
1754 2794 1903 2826 Xanthus
1936 2794 2073 2833 dixerat,
2096 2793 2284 2826 Artaxerxis

1261 2846 1356 2875 aetate
1385 2843 1544 2884 ingentem
1575 2842 1677 2875 fuisse
1703 2841 1879 2873 siccitatem
1897 2865 1906 2881 ,
1935 2841 2015 2873 adeo
2043 2842 2081 2872 ut.
2110 2839 2285 2872 defecerint

1260 2889 1407 2930 flumina,
1437 2889 1572 2930 paludes
1607 2889 1640 2921 et
1667 2887 1775 2930 putei;
1809 2887 1930 2920 vidisse
1962 2888 2071 2920 autem
2100 2895 2136 2919 se
2161 2886 2283 2928 passim

1258 2936 1372 2976 procul
1387 2945 1406 2967 a
1418 2935 1500 2967 mari
1530 2934 1652 2976 lapides
1677 2933 1839 2974 conchylii
1874 2934 2014 2965 sormam
2027 2933 2210 2973 resen-enm,
2227 2933 2284 2966 aut

1260 2981 1424 3022 pectinum
1436 3004 1445 3020 ,
1479 2983 1534 3012 aut
1569 2980 1789 3012 cheramidum
1833 2979 1978 3021 effigies;
2018 2982 2089 3011 tum
2119 2978 2281 3011 marinum

1258 3027 1364 3060 lacum
1381 3027 1572 3059 inArmenia
1583 3028 1615 3058 et
1637 3026 1810 3067 Mattienis‚
1841 3026 1938 3067 inque
1954 3025 2093 3066 Phrygia
2118 3024 2281 3065 inferiori;

1258 3083 1338 3115 quas
1352 3074 1394 3105 ob
1407 3081 1521 3105 causas
1534 3073 1596 3105 sihi
1611 3081 1802 3114 persuasum
1815 3081 1886 3106 esse
1897 3081 2029 3114 campos
2042 3072 2123 3104 istos
2141 3071 2282 3113 aliquan·

1258 3120 1300 3152 do
1319 3120 1419 3152 fuisse
1435 3128 1534 3152 mare.

1297 3214 1390 3247 Licet
1414 3213 1511 3245 etiam
1535 3211 1736 3252 antiquitatis
1773 3212 1945 3253 scriptores
1984 3211 2024 3243 de
2063 3212 2122 3243 hac
2162 3219 2196 3243 re
2229 3219 2270 3243 au

1257 3261 1334 3294 dire.
1365 3263 1415 3293 Ex
1441 3268 1579 3300 quorum
1606 3267 1741 3291 numero
1778 3259 1945 3298 Xanthus,
1991 3258 2104 3298 Lydiae
2139 3257 2280 3290 historiae
2314 3279 2315 3284 ,

1256 3307 1411 3344 conditor,
1425 3308 1533 3338 narrat
1547 3307 1678 3347 quantae
1699 3314 1737 3337 ac
1751 3308 1830 3346 quot
1845 3305 1879 3336 in
1894 3305 1957 3337 ista
1969 3305 2095 3345 regione
2109 3303 2279 3337 inciderint

1257 3355 1462 3392 mutationes,
1472 3361 1608 3394 quarum
1619 3352 1715 3385 etiam
1730 3352 1875 3393 superius
1889 3351 1971 3384 facta
1985 3353 2035 3384 est
2044 3351 2175 3384 mentio.
2193 3350 2278 3388 Quin

1258 3402 1353 3434 etiam
1367 3400 1515 3441 Typhoni
1538 3408 1611 3440 quae
1627 3400 1814 3438 evenerunt,
1831 3398 1871 3431 ad
1886 3399 1946 3431 ista
1962 3398 1983 3430 ii
1996 3398 2067 3430 loca
2082 3397 2233 3437 referunt,
2247 3397 2278 3429 et
