2320 3684
0 462 9 550 :xvv-w«
0 420 3 432 -v
0 391 5 395 ν

0 671 11 814 ’,νήια-τιν-
0 632 9 667 rue·

882 149 1074 188 EPHORI
1104 150 1435 189 FRAGMENTA.

102 253 193 278 σκων
213 237 321 285 αὐτὴν
337 235 417 279 τοὺς
434 233 665 276 διασωθέντας
677 234 717 270 ἐκ
732 235 792 270 τοῦ
813 232 871 270 ἐπὶ
891 232 1131 276 Δευκαλίωνος

102 295 284 349 γενομένου
300 296 550 345 κατακλυσμοῦ
568 291 657 344 μετὰ
670 290 856 344 Μάκαρος,
872 291 931 329 καὶ
948 290 1054 344 μέχρι
1071 296 1129 330 νῦν

101 356 158 394 τὸν
169 354 274 394 τόπον
289 355 469 406 καλεῖσθαι
480 351 645 405 Καρίδας.
663 350 719 390 Cf.
735 364 817 402 quae
830 350 948 388 habet
970 350 1128 388 Diodor.

104 421 144 468 V,
165 420 209 456 81
235 431 283 456 ex
304 424 449 463 nostro,
466 423 509 453 ut
525 422 656 452 monet
671 417 811 460 Marx„
835 412 1007 462 repetita.

581 474 643 510 35.

153 534 370 585 Stephanus
389 531 564 585 εΣκυφία,
584 529 764 582 πολίχνιον
788 527 1056 579 Κλαζομενίων,
1084 529 1131 570 ὡς

98 591 250 646 Ἔφορος
283 592 319 629 ἐν
342 590 460 645 τρίτῳ·
485 590 574 629 «Ἐν
593 587 732 643 Σκυφία
748 586 940 640 κατῴκει.»
958 585 1061 630 Τινὲς
1094 585 1131 624 δὲ

99 649 158 690 διὰ
176 653 237 688 τοῦ
256 666 294 688 π.

152 709 260 748 Idem
282 724 290 747 :
310 707 480 761 Λάμψος,
501 712 607 761 μοῖρα
636 709 699 753 τῆς
727 706 962 756 Κλαζομενῶν
991 702 1130 757 χώρας,

98 766 168 807 ἀπὸ
187 767 341 820 Λάμψου
361 766 484 810 παιδὸς
503 766 699 819 Καδίδρου,
719 767 766 808 ὥς
782 763 935 817 ’Έφορος
949 762 1068 817 τρίτῳ.

152 826 259 864 Idem
274 825 551 873 εΜυκάλησσος,
570 824 662 862 urbs
682 823 853 871 Boeotiae;
870 820 945 860 ἔστι
963 821 1022 860 καὶ
1040 820 1130 868 ἄλλη

99 884 254 938 Καρίας,
273 885 319 928 ὣς
335 882 487 937 Ἔφορος
505 882 623 936 τρίτῳ.

150 943 211 981 Ad
232 943 399 994 primum
414 943 542 981 locum
560 943 608 979 cf.
620 945 778 980 Pausan.
796 944 878 988 VII,
895 944 930 988 3,
947 940 967 978 5
981 956 989 978 :
1002 938 1131 978 Ἰώνων

98 1000 136 1041 δὲ
154 1000 391 1055 ἀφικομένων,
410 1007 515 1055 μοῖρα
532 999 566 1046 ἐξ
586 1001 699 1039 αὐτῶν
720 999 935 1051 πλανωμένη
958 998 1134 1051 μετεπέμ-

98 1063 189 1114 ψατο
208 1059 366 1112 ἡγεμόνα
383 1060 480 1114 παρὰ
506 1058 741 1112 Κολοφωνίων
760 1058 962 1114 Πάρφορον,
984 1058 1044 1097 καὶ
1064 1057 1134 1097 πό-

98 1121 151 1158 λιν
168 1118 349 1163 κτίσαντες
366 1118 434 1157 ὓπὸ
450 1122 493 1172 τῇ
512 1117 590 1171 Ἴδῃ
604 1148 613 1164 ,
629 1117 692 1165 τὴν
715 1116 777 1169 μὲν
798 1120 837 1156 οὐ
856 1117 945 1170 μετὰ
960 1116 1049 1156 πολὺ
1071 1118 1133 1156 ἐκ-

98 1178 298 1217 λείπουσιν·
320 1177 520 1222 ἐπανιόντες
554 1176 591 1216 δὲ
629 1178 663 1220 ἐς
696 1176 835 1216 Ἰωνίαν
861 1176 1047 1216 Σκύππιον
1072 1179 1134 1223 τῆς

99 1235 327 1289 Κολοφωνίας
348 1236 502 1275 ἔκτισαν.
524 1233 746 1277 Ἀπελθόντες
767 1234 804 1274 δὲ
831 1235 997 1278 ἑκουσίως
1016 1233 1076 1273 καὶ
1094 1236 1134 1272 ἐκ

98 1297 161 1342 τῆς
187 1294 431 1348 Κολοφωνίας,
459 1293 551 1333 οὕτω
570 1297 635 1346 γῆν
662 1309 700 1334 τε
726 1292 845 1346 ἔσχον,
863 1294 904 1341 ἣν
924 1294 983 1332 καὶ
1003 1297 1062 1332 νῦν
1083 1292 1134 1331 ἔτι

100 1353 239 1406 ἔχουσι,
258 1353 317 1392 καὶ
337 1353 640 1393 κατεσκευάσαντο
661 1353 696 1390 ἐν
715 1355 758 1404 τῇ
784 1352 918 1406 ἠπείρῳ
947 1352 1134 1402 Κλαζομε-

100 1411 160 1456 νὰς
175 1411 290 1452 πολιν.

153 1535 291 1574 Suidas
311 1534 350 1572 in
375 1535 592 1587 Κωρυκαῖος.
619 1532 872 1571 Proverbium
892 1542 968 1582 est,
998 1535 1071 1573 Τοῦ
1106 1533 1136 1571 δ’

100 1593 154 1647 ἄρ’
171 1596 190 1632 ὁ
209 1595 413 1647 Κωρυκαῖος
431 1591 633 1645 ἠκροάζετο.
655 1591 700 1631 Ὁ
719 1591 748 1629 δ’
761 1591 912 1646 Ἔφορος
928 1593 962 1631 ἐν
988 1593 1031 1644 γ’·
1052 1591 1135 1632 Ὑπ’

100 1651 190 1706 ἄκρα
210 1653 286 1705 (τῆς
315 1650 557 1705 Παμφυλίας),
578 1650 695 1705 φησὶν,
715 1649 827 1704 ᾤκουν
862 1653 894 1690 οἱ
925 1650 1135 1703 καλούμενοι

101 1713 301 1764 Κωρυκαῖοι
319 1709 544 1764 ἀνατεινούσῃ
565 1711 612 1754 εἰς
627 1709 796 1762 πέλαγος,
822 1709 1014 1762 σύμμικτοί
1029 1727 1133 1760 τινες,

103 1769 455 1821 κατασκευασάμενοι
472 1770 719 1821 πολισμάτιον,
744 1769 893 1821 γείτονες
915 1769 1133 1823 Μυοννήσῳ·

99 1834 168 1873 τοῖς
188 1822 246 1868 οὖν
265 1832 429 1883 ὁρμοῦσιν
448 1826 613 1881 ἐμπόροις
640 1827 840 1882 προσῄεσαν
867 1831 914 1872 ὡς
941 1827 1134 1879 ὠνούμενοι

99 1886 122 1929 ἢ
142 1886 332 1929 σύμπλοοι·
362 1882 438 1926 εἶτα
468 1886 648 1938 μαθόντες,
665 1887 700 1925 τί
715 1903 752 1925 τε
770 1886 952 1939 κομίζουσι
980 1887 1039 1925 καὶ
1073 1893 1134 1926 ποῖ

100 1946 336 1996 πλέουσι,τοῖς
347 1947 580 1995 Μυοννησίοις
592 1947 826 2000 ἀπήγγελλον·
841 1949 996 1986 κάκεῖνοι
1013 1947 1132 1986 ἐπετί-

101 2013 197 2046 θεντο
220 2008 355 2050 αὐτοῖς·
375 2006 574 2058 ἐλάμὸανον
597 2005 634 2044 δὲ
652 2006 711 2046 καὶ
732 2006 830 2045 αὐτοὶ
855 2005 944 2060 μέρη
963 2005 1042 2045 τινὰ
1062 2008 1131 2045 τῶν

103 2068 248 2111 λυτρῶν.

154 2126 295 2164 Eadem
314 2125 459 2165 habent
492 2124 651 2163 Photius
679 2128 773 2162 Lex.
804 2138 841 2175 p.
877 2125 965 2171 146,
987 2122 1130 2162 Zenob.

100 2187 164 2233 IV,
185 2185 248 2232 75,
263 2185 403 2223 Strabo
420 2187 531 2233 XIII,
544 2198 582 2235 p.
601 2185 692 2235 954,
711 2184 886 2222 Eustath.
906 2183 955 2222 ad
974 2184 1130 2234 Dionys.

102 2246 143 2281 P.
165 2243 252 2281 855.

101 2354 239 2390 diluvio,
256 2354 341 2394 quod
368 2353 573 2386 Deucalionis
595 2353 796 2394 temporibus
815 2353 945 2394 accidit,
963 2355 1132 2386 evaserant

101 2411 177 2434 cum
192 2403 320 2434 Macare
332 2404 364 2433 et
378 2410 482 2442 usque
499 2401 538 2433 ad
556 2401 644 2433 hunc
659 2401 744 2434 diem
762 2400 906 2434 Caridas
923 2399 959 2441 [i.
977 2409 1005 2433 e.
1021 2400 1132 2442 Squil-

102 2448 175 2490 las]
192 2449 301 2481 vocari
323 2448 414 2480 illum
428 2448 548 2480 locum.

144 2548 300 2590 Scyphia,
324 2547 516 2590 oppidulum
543 2497 842 2587 (lezi-memorum,
865 2547 903 2579 ut
929 2547 1079 2588 Ephorus
1098 2547 1132 2579 in

103 2595 218 2650 tertio:
237 2608 254 2624 «
271 2595 419 2637 Scyphiae
434 2594 612 2627 habitabat.
631 2607 647 2623 »
668 2595 775 2636 Aliqui
794 2603 871 2627 vero
889 2603 946 2636 per
957 2603 984 2636 p
1013 2603 1132 2626 nomen

103 2643 315 2731 ωῗξιῐιηῗέυε,
327 2698 401 2731 pars
411 2689 674 2722 Clazomenarum
691 2689 840 2730 regionis,
854 2688 899 2721 sic
913 2688 998 2721 dicta
1011 2697 1030 2720 a
1039 2690 1131 2721 Lam-

102 2744 162 2777 pso
175 2735 307 2769 Cadidri
326 2736 404 2775 tilio,
426 2737 507 2768 teste
519 2736 650 2777 Ephoro
666 2735 748 2767 libro
760 2735 866 2768 tertio.

145 2781 343 2824 Mycalessus
352 2806 361 2822 ,
379 2782 471 2823 (urbs
484 2783 641 2821 Boeotiae).
658 2803 700 2809 —
713 2784 772 2814 Est
787 2790 917 2823 quoque
931 2782 994 2814 alia
1006 2781 1111 2815 Cariae
1121 2805 1131 2822 ,

104 2828 145 2861 de
156 2837 220 2870 qua
235 2829 389 2871 Ephorus
403 2829 487 2861 libro
499 2830 605 2861 tertio.

148 2935 267 2966 «Hunc
280 2936 454 2976 Corycaeus
471 2883 700 2974 auscultigi'e»
717 2943 809 2975 prov.
824 2934 974 2975 Ephorus
983 2934 1066 2966 libro
1073 2936 1133 2967 ter-

105 2980 242 3013 tiozsub
252 2982 471 3022 promontorio
488 2982 726 3024 (Pamphyliae),
743 2982 859 3023 inquit,
876 2981 909 3013 in
922 2981 1053 3023 pelagus
1063 2991 1133 3022 pro-

105 3026 240 3059 minenti
250 3027 436 3060 habitabant
445 3028 501 3068 illi,
509 3029 565 3069 qui
576 3030 733 3060 vocantur
743 3027 964 3069 corycaei,con
969 3037 1059 3060 venae
1065 3030 1133 3069 qui-

57 3112 60 3113 ⁷
106 3072 191 3114 dam,
200 3074 353 3115 oppidulo
365 3075 508 3115 condito,
516 3075 615 3107 vicini
623 3076 812 3115 Myonneso.
821 3074 871 3106 Ad
877 3076 1070 3107 mercatores
1080 3084 1133 3106 au-

105 3119 172 3151 tem
187 3119 221 3151 in
238 3123 333 3161 portu
346 3121 518 3153 stationem
527 3121 682 3154 habentes
693 3121 898 3161 accedebant,
908 3121 1001 3162 quasi
1011 3130 1133 3153 merces

106 3169 257 3209 empturi,
270 3169 323 3201 vel
337 3178 403 3201 una
422 3170 613 3210 navigaturi.
629 3166 764 3211 Deinde,
781 3179 884 3211 quum
907 3170 1134 3211 cognovissent

107 3215 138 3246 et
153 3214 230 3255 quid
245 3216 409 3255 veherent,
422 3219 454 3249 et
467 3226 532 3257 quo
548 3217 731 3257 navigaturi
747 3218 867 3256 essent,
884 3217 917 3249 id
933 3217 1132 3258 Myonnesiis

106 3261 347 3295 renunciabant.
365 3263 416 3295 Illi
429 3272 508 3296 vero
520 3264 608 3305 ipsos
623 3264 830 3296 invadebant.
849 3264 1060 3305 Accipiebant
1074 3273 1132 3295 au-

106 3308 174 3340 tem
189 3310 221 3339 et
235 3308 297 3348 ipsi
312 3310 458 3350 corycaei
471 3314 595 3351 partem
613 3310 775 3352 quandam
788 3310 894 3352 pretii,
915 3320 980 3352 quo
997 3319 1032 3343 se
1048 3310 1133 3342 redi-

108 3353 238 3386 mebant
250 3355 344 3395 capti.

2136 159 2209 194 243

1241 294 1377 332 Suidas
1398 294 1635 347 τΠεριθοῖδαι,
1661 294 1769 345 δῆμος
1798 295 1860 340 τῆς
1888 292 2052 341 Οἷνηίδος
2082 297 2212 348 φυλῆς,

1189 350 1258 388 ἀπὸ
1278 352 1442 405 Πειρίθου
1457 357 1516 391 τοῦ
1528 352 1675 398 Ἰξίονος·
1689 352 1792 404 νόμος
1802 352 1831 391 δ’
1851 346 1892 399 ἦν
1910 352 2085 402 Ἀθήνησι,
2104 353 2215 399 ξένους

1189 409 1404 461 εἰσδέχεσθαι
1417 411 1495 455 τοὺς
1518 411 1747 464 βουλομένους
1764 413 1833 450 τῶν
1853 411 2034 460 Ἑλλήνων
2048 428 2055 436 ·
2075 414 2217 452 Θεσσα-

1187 466 1266 510 λοὺς
1283 467 1311 504 δ’
1330 467 1513 522 ἐξαιρέτως
1531 469 1756 522 ὑπεδέχοντο·
1777 469 1833 508 διὰ
1862 469 1926 518 τὴν
1959 471 2122 524 Πειρίθου
2155 472 2214 510 καὶ

1188 525 1338 572 Θησέως
1352 527 1560 580 φιλοξενίαν·
1574 528 1707 572 τούτοις
1719 527 1755 566 δὲ
1771 529 1830 567 καὶ
1844 528 1963 582 χώραν
1981 529 2160 584 ἐμέρισαν,
2173 530 2215 577 ἣν

1189 584 1359 623 ἐκάλεσαν
1377 587 1558 638 Πειριθίδα
1585 588 1817 640 (Πειριθοίδας
1828 590 1985 627 Photius
1998 591 2065 641 qui
2083 590 2217 628 eadem

1189 644 1305 682 habet
1334 649 1422 682 Lex.
1449 659 1486 696 p.
1514 648 1616 697 306).
1651 645 1801 701 ’Έφορος
1821 650 1950 702 ἱστορεῖ
1972 650 2007 687 ἐν
2025 649 2142 703 τρίτῳ.
2160 650 2215 688 Cf.

1189 704 1362 754 Apostol.
1384 707 1468 752 XV,
1485 706 1556 754 983
1573 707 1737 756 Hesyeh.
1756 711 1847 746 Lex.
1874 708 1952 747 vol.
1983 712 2014 756 1,
2046 723 2083 760 p.
2121 709 2216 758 9255

1189 765 1414 813 Harpocrat.
1441 776 1470 800 s.
1487 764 1524 800 h.
1542 778 1579 802 v.

1595 845 1810 860 am..-

1484 878 1633 913 LIBER
1668 878 1925 922 QUARTUS.

1244 1064 1401 1100 Cosmas
1418 1066 1588 1113 Topogr.
1610 1062 1748 1101 Christ.
1799 1077 1838 1114 p.
1874 1066 1959 1107 148.
1979 1066 2029 1116 (t.
2058 1070 2096 1104 II
2123 1071 2218 1107 Nov.

1191 1122 1348 1160 Collect.
1373 1124 1475 1158 Patr.
1499 1120 1650 1172 Montf.)
1678 1121 1865 1173 (Varietas
1887 1123 2058 1162 lectionis
2074 1139 2096 1163 a
2114 1130 2220 1164 Mar-

1191 1181 1256 1218 xio
1271 1180 1452 1233 apposita
1480 1188 1537 1217 est
1557 1180 1641 1218 cod.
1670 1180 1868 1219 Leidensis
1904 1182 1955 1232 [v.
1979 1185 2147 1235 Catalog.
2181 1199 2219 1236 p.

1194 1246 1281 1288 400,
1302 1254 1339 1279 n.
1363 1239 1480 1290 16].):
1502 1237 1649 1292 Ἐφόρου
1672 1241 1712 1277 ἐκ
1730 1243 1793 1288 τῆς
1826 1239 1855 1278 δ’
1890 1241 2011 1292 (αὐτοῦ
2047 1243 2154 1281 abest
2182 1245 2220 1281 in

1193 1297 1305 1349 Cod.)
1334 1297 1497 1351 ἱστορίας·
1516 1297 1587 1337 Τὸν
1607 1296 1669 1349 μὲν
1693 1297 1761 1352 γὰρ
1779 1297 1879 1352 (πρὸς
1906 1299 1946 1336 in
1977 1313 2094 1351 marg.
2121 1302 2221 1353 cod.)

1193 1355 1398 1404 ἀπηλιώτην
1418 1356 1477 1394 καὶ
1498 1356 1557 1394 τὸν
1576 1356 1676 1409 ἐγγὺς
1696 1358 1875 1396 ἀνατολῶν
1901 1356 2006 1396 τόπον
2029 1358 2131 1397 Ἰνδοὶ
2162 1375 2223 1398 κα-

1191 1419 1348 1453 τοικοῦσι
1364 1430 1372 1438 ·
1386 1414 1445 1453 τὸν
1466 1413 1503 1453 δὲ
1522 1414 1608 1468 πρὸς
1624 1414 1721 1454 νότον
1734 1416 1793 1454 καὶ
1815 1415 2038 1470 μεσημὸρίαν
2057 1417 2221 1462 Αἰθίοπες

1192 1472 1376 1525 νέμονται·
1397 1473 1455 1513 τὸν
1478 1472 1513 1511 δὲ
1545 1474 1615 1512 ἀπὸ
1646 1474 1804 1529 Ζεφύρου
1830 1475 1890 1513 καὶ
1918 1475 2058 1526 δυσμῶν
2095 1478 2222 1517 Κελτοὶ

1193 1532 1394 1586 κατέχουσι·
1414 1533 1472 1572 τὸν
1493 1532 1528 1571 δὲ
1543 1532 1634 1572 κατὰ
1653 1536 1778 1588 βορρᾶν
1797 1534 1858 1573 καὶ
1873 1533 1953 1578 τοὺς
1966 1533 2040 1586 (τὰς
2061 1536 2145 1574 cod.
2166 1538 2222 1574 Il—

1192 1593 1258 1630 lud
1280 1592 1413 1644 marg.)
1434 1592 1578 1646 ἄρκτους
1598 1592 1733 1632 Σκύθαι
1752 1596 1985 1632 κατοικοῦσιν.
2004 1592 2131 1632 Ἔστιν
2159 1595 2221 1646 μὲν

1193 1646 1251 1690 οῧν
1267 1654 1330 1690 οὐκ
1353 1652 1427 1691 ἴσον
1446 1652 1592 1690 ἕκαστον
1624 1654 1694 1691 τῶν
1725 1655 1839 1707 μερῶν
1853 1668 1861 1677 ·
1885 1651 1976 1691 ἀλλὰ
1998 1652 2038 1691 τὸ
2067 1653 2130 1705 μὲν
2153 1658 2222 1693 τῶν

1193 1712 1340 1750 Σκυθῶν
1359 1711 1419 1750 καὶ
1445 1713 1514 1749 τῶν
1538 1710 1714 1750 Αἰθιόπων
1737 1713 1867 1763 μεῖζον,
1887 1711 1927 1750 τὸ
1951 1710 1988 1750 δὲ
2010 1715 2079 1750 τῶν
2102 1713 2221 1752 Ἰνδῶν

1191 1769 1252 1808 καὶ
1268 1771 1338 1808 τῶν
1355 1771 1496 1808 Κελτῶν
1515 1769 1657 1808 ἔλαττον
1669 1784 1677 1792 ·
1697 1769 1758 1808 καὶ
1776 1769 2022 1823 παραπλήσιον
2048 1770 2222 1825 ἑκατέρων

1195 1829 1262 1878 (sic
1281 1842 1425 1879 margo.
1450 1829 1543 1867 Cod.
1564 1828 1743 1881 ἑκάτερον)
1764 1828 1928 1875 ἀλλήλοις
1950 1827 2024 1881 ἔχει
2038 1835 2098 1868 τοῦ
2114 1830 2222 1869 τόπου

1191 1885 1230 1924 τὸ
1249 1885 1402 1938 μέγεθος.
1425 1889 1471 1926 Οἱ
1496 1889 1559 1938 μὲν
1579 1886 1646 1940 γὰρ
1667 1886 1803 1939 [Ἰνδοὶ]
1831 1887 1897 1926 εἶσὶ
1919 1887 2048 1938 μεταξὺ
2081 1891 2221 1942 θερινῶν

1190 1946 1250 1984 καὶ
1273 1948 1481 1999 χειμερινῶν
1500 1947 1691 1985 ἀνατολῶν.
1713 1946 1841 1985 Κελτοὶ
1856 1945 1893 1984 δὲ
1909 1946 1971 1993 τὴν
1996 1947 2063 1986 ὑπὸ
2080 1950 2221 2001 θερινῶν

1191 2004 1295 2059 μεχρὶ
1314 2007 1522 2058 χειμερινῶν
1542 2006 1683 2056 δυσμῶν
1698 2003 1818 2059 χώραν
1838 2004 2049 2058 κατέχουσι,
2066 2006 2125 2045 καὶ
2144 2011 2223 2046 τοῦ-

1189 2080 1228 2102 το
1255 2062 1370 2115 μεῖζόν
1388 2065 1463 2103 ἐστι
1482 2064 1601 2116 ἐκείνῳ
1641 2066 1692 2117 τῷ
1719 2063 1932 2115 διαστήματι
1954 2065 2055 2115 [cod.
2076 2079 2097 2103 e
2115 2079 2219 2103 mar—

1190 2125 1288 2175 ginis
1305 2124 1584 2172 emendatione,
1605 2124 1665 2164 καὶ
1682 2128 1785 2164 τοῦτο
1802 2124 1903 2176 (cod.
1918 2123 2046 2178 τούτῳ)
2067 2123 2130 2176 μὲν
2143 2118 2221 2163 ’ἴσον

1191 2183 1284 2221 ἐστὶν
1314 2182 1435 2235 ἐκείνῳ
1452 2183 1552 2231 (eod.
1579 2183 1704 2234 ἐκεῖνο)
1717 2185 1768 2236 τῷ
1787 2182 2002 2234 διαστήματι
2018 2183 2119 2234 (cod.
2141 2183 2221 2222 διά-

1192 2243 1355 2294 στημα)]
1379 2242 1439 2281 καὶ
1462 2241 1616 2293 μάλιστά
1645 2256 1719 2285 πως
1745 2241 1996 2294 ἀντικείμενον.
2022 2241 2066 2280 Ἥ
2092 2241 2127 2279 δὲ
2152 2244 2220 2280 τῶν

1234 2412 1446 2451 Perithoedae‚
1461 2412 1602 2453 populus
1615 2412 1721 2444 tribus
1752 2412 1914 2452 OEneidis,
1938 2411 1984 2443 sie
2011 2412 2115 2443 dictus
2135 2421 2153 2443 a
2169 2413 2216 2443 Pi—

1192 2459 1298 2490 rithoo
1313 2459 1433 2491 Ixionis
1446 2459 1523 2491 filio.
1540 2462 1606 2492 Lex
1623 2462 1731 2492 autem
1745 2462 1813 2492 erat
1830 2459 1973 2499 Athenis,
1993 2460 2027 2490 ut
2042 2459 2148 2499 quivis
2164 2459 2218 2490 ho-

1190 2506 1290 2547 spites
1323 2506 1428 2538 Graeci
1463 2506 1691 2548 reciperentur.
1722 2509 1793 2539 Prae
1822 2507 1935 2538 ceteris
1969 2515 2045 2537 vero
2075 2506 2218 2537 Thessali

1189 2553 1433 2594 excipiebantur
1444 2577 1453 2592 ‚
1474 2556 1604 2595 propter
1619 2554 1752 2587 Pirithoi
1770 2556 1801 2586 et
1816 2553 1930 2585 Thesei
1956 2552 2216 2593 hospitalitatem.

1189 2600 1309 2632 Iisdem
1339 2600 1437 2632 etiam
1460 2610 1573 2642 agrum
1598 2601 1790 2640 diviserunt,
1816 2609 1913 2641 quem
1936 2599 2146 2632 Pirithoidem
2170 2609 2220 2631 vo-

1190 2650 1315 2680 carunt.
1331 2649 1411 2680 Haec
1427 2650 1535 2680 narrat
1550 2649 1700 2689 Ephorus
1717 2648 1798 2679 libro
1813 2647 1918 2679 tertio.

1592 2717 1811 2732 quoe*—

1484 2761 1637 2799 LIBER
1675 2759 1925 2807 QUARTUS.

1672 2831 1733 2863 38.

1233 2889 1384 2931 Ephorus
1398 2889 1480 2920 libro
1494 2889 1611 2929 quarto
1627 2887 1778 2920 Historiae
1794 2886 1889 2918 dicit:
1905 2898 1920 2914 «ι
1934 2885 2108 2925 Regionem
2120 2886 2219 2918 orien-

1191 2937 1300 2976 talem,
1314 2945 1388 2977 quae
1404 2938 1452 2968 est
1467 2944 1580 2967 versus
1595 2934 1807 2966 subsolanum
1819 2958 1828 2973 ,
1845 2932 1917 2965 Indi
1938 2932 2103 2968 habitant3
2123 2933 2218 2965 meri-

1191 2982 1365 3022 dionalem,
1381 2991 1454 3022 quae
1467 2984 1614 3013 austrum
1631 2989 1756 3019 versus,
1772 2979 1939 3020 AEthiopes
1952 2979 2119 3019 incolunt;
2134 2980 2217 3011 occi·

1191 3029 1372 3068 dentalem,
1409 3029 1494 3060 unde
1519 3028 1574 3059 ssat
1595 3027 1766 3066 favonius,
1792 3027 1875 3059 Celti
1902 3027 2031 3065 tenent;
2055 3026 2217 3059 borealem

1191 3075 1329 3116 denique
1353 3075 1598 3116 septemtriones
1619 3083 1734 3106 versus
1759 3074 1856 3106 sitam
1892 3074 2021 3114 Scythae
2045 3075 2215 3114 occupant.

1190 3125 1300 3162 Neque
1313 3125 1420 3154 tamen
1437 3120 1572 3162 singulae
1590 3121 1641 3153 hee
1653 3122 1761 3162 partes
1777 3130 1870 3162 pares
1886 3122 1973 3153 sunt.
1990 3122 2071 3153 Nam
2089 3129 2163 3161 quae
2175 3120 2214 3152 ad

1192 3169 1326 3209 Scythas
1343 3169 1440 3208 atque
1456 3168 1621 3208 AEthiopes
1637 3167 1799 3208 pertinent
1816 3168 1954 3208 majores
1971 3168 2048 3199 sunt
2062 3166 2216 3198 Indorum

1190 3218 1223 3248 et
1239 3216 1404 3248 Celtorum
1427 3215 1622 3255 regionibus.
1647 3215 1736 3247 Binae
1756 3224 1834 3247 vero
1850 3214 2070 3255 magnitudine
2090 3214 2151 3246 sibi
2171 3223 2216 3245 re-

1191 3262 1360 3302 spondent.
1375 3264 1457 3294 Nam
1476 3262 1547 3294 lndi
1569 3262 1652 3294 inter
1668 3263 1819 3295 aestivum
1837 3261 1985 3294 habitant
1999 3263 2031 3294 et
2045 3261 2216 3293 hibernum

1191 3312 1310 3350 ortum,
1328 3318 1443 3341 verum
1454 3309 1536 3342 Celti
1547 3309 1623 3342 inde
1635 3309 1676 3342 ab
1690 3318 1806 3341 occasu
1820 3309 1935 3341 aestivo
1948 3317 2052 3348 usque
2061 3308 2102 3339 ad
2116 3307 2217 3339 hiber-

1191 3364 1270 3387 num
1287 3355 1449 3396 regionem
1467 3357 1644 3398 occupant3
1667 3355 1755 3397 quod
1779 3355 1912 3397 quidem
1935 3355 2073 3396 spatium
2095 3364 2152 3396 par
2168 3357 2215 3387 est

2043 3412 2090 3443 16.
2114 3411 2116 3413 ’
