2320 3684
734 162 1058 203 PHILOCHORI
1087 164 1421 205 FRAGMENTA.

30 252 113 299 λῶν,
131 250 320 298 Αἰνιάνων,
339 249 522 294 Αἰτωλῶν,
539 246 724 295 Δολόπων,
744 248 937 287 Φθιωτῶν·
962 248 1058 296 Ἀθη-

32 308 134 349 ναίων
149 307 186 348 δὲ
202 306 294 357 κατὰ
311 307 370 346 τὸν
386 306 487 345 αὐτὸν
503 303 628 360 χρόνον
646 304 811 360 πρέσὸεις
828 306 1059 346 ἀποστειλάν-

30 383 98 407 των
116 366 196 412 ‘robe
221 366 301 420 περὶ
327 364 558 418 Δημοσθένη,
580 363 713 408 τούτοις
737 370 940 417 συμμαχεῖν
965 366 1057 418 ἐψη-

55 441 164 466 ισατο.
176 443 194 462 i»

27 441 52 480 ‘P
81 485 211 525 Verba
223 483 283 523 καὶ
295 482 539 535 Δημοσθένους
554 481 795 537 ἐχειροτόνησε
807 482 943 521 mutila
956 490 1058 521 sunt:

27 543 205 595 Sylburg.
242 544 342 581 hanc
366 541 525 580 adhibet
555 541 740 580 medelam
757 555 766 578 ε
782 540 842 579 καὶ
866 542 913 584 ὡς
941 542 1060 592 Δημο-

29 602 169 646 σθένους
248 601 461 655 γράψαντος,
494 602 755 654 ἐχειροτόνησεν
782 602 801 638 ὁ
836 600 956 652 δῆμος.
979 600 1060 639 Sub

30 663 145 701 finem
160 661 274 713 hujus
287 661 362 700 loci
378 659 484 698 haud
500 659 619 699 dubie
634 659 880 699 scribendum
899 668 957 698 est
974 660 1061 712 ἐψη-

29 719 186 775 φίσαντο,

494 784 584 824 136.

80 849 271 897 Harpocr.
290 858 328 883 v.
355 841 515 896 Θεωρίς;
539 842 675 887 Μάντις
701 836 744 891 ἦν
775 846 798 891 ἡ
820 843 978 898 Θεωρὶς,
1001 842 1062 881 καὶ

29 903 190 949 ἀσεὸείας
205 906 362 958 κριθεῖσα
379 901 564 950 ἀπέθανεν,
578 904 624 947 ὥς
640 902 702 941 καὶ
712 901 912 957 Φιλόχορος
928 905 963 942 ἐν
977 901 1061 955 ἕκτῃ

28 962 165 1017 γράφει.

505 1026 521 1063 1
531 1025 578 1063 37
585 1056 593 1065 .

83 1090 212 1129 Schol.
233 1089 349 1129 Arist.
370 1093 469 1129 Rau.
492 1089 595 1127 218:
613 1084 768 1141 Ἤγοντο
784 1090 915 1141 ἀγῶνες
931 1086 1064 1133 αὐτόθι,

30 1151 62 1187 οἱ
84 1149 249 1203 Χύτρινοι
264 1146 499 1200 καλούμενοι,
519 1147 611 1187 καθά
631 1163 718 1202 φησι
738 1147 937 1201 Φιλόχορος
955 1149 989 1187 ἐν
1016 1149 1062 1200 τῇ

31 1205 114 1260 ἕκτῃ
134 1209 203 1246 τῶν
229 1205 404 1246 Ἀτθίδων.

83 1267 321 1306 Phavorinus
337 1266 453 1305 habet
472 1267 503 1304 οἱ
516 1265 654 1321 χύτριοι
673 1280 746 1318 pro
757 1269 788 1305 οἱ
804 1266 970 1319 χυτρίνοι.

511 1333 524 1368 l
535 1331 597 1369 38.

85 1396 271 1443 Harpocr.
296 1407 304 1429 :
351 1391 548 1443 Κατατομή
563 1407 572 1416 ·
613 1391 801 1447 Ὑπερίδης
829 1393 865 1431 ἐν
900 1394 950 1446 τῷ
975 1391 1068 1431 κατὰ

33 1450 294 1503 Δημοσθένους·
315 1450 388 1491 Καὶ
404 1450 601 1503 καθήμενος
614 1451 712 1491 κάτω
726 1451 794 1490 ὑπὸ
810 1453 854 1504 τῇ
869 1454 1067 1504 κατατομῇ.

33 1509 232 1564 Φιλόχορος
244 1509 280 1549 δὲ
296 1510 331 1548 ἐν
347 1508 431 1562 ἕκτῃ
449 1509 570 1554 οὕτως·
588 1529 604 1545 «
618 1511 811 1564 Αἷσχραῖος
825 1510 1070 1563 Ἀναγυράσιος

34 1568 180 1617 ἀνέθηκε
196 1567 255 1607 τὸν
273 1568 361 1622 ὑπὲρ
371 1573 434 1607 τοῦ
451 1569 595 1624 θεάτρου
614 1569 764 1623 τρίποδα
782 1568 1070 1624 καταργυρώσας,

34 1626 224 1675 νενικηκὼς
242 1630 293 1680 τῷ
306 1627 474 1681 πρότερον
495 1627 564 1666 ἔτει
587 1631 751 1681 χορηγῶν
771 1628 872 1667 παισὶ
888 1659 898 1677 ,
912 1627 973 1666 καὶ
993 1627 1071 1666 ἐπέ-

34 1689 164 1742 γραψεν
187 1687 245 1725 ἐπὶ
267 1686 330 1734 τὴν
351 1686 554 1738 κατατομὴν
571 1690 634 1734 τῆς
646 1686 812 1742 πέτρας.»

86 1746 326 1785 Phavorinus
354 1746 391 1787 h.
411 1759 446 1783 v.
471 1746 604 1784 eadem
634 1745 752 1784 verba
770 1745 888 1797 habet
901 1775 912 1794 ‚
933 1744 1071 1784 Suidas

35 1804 73 1843 h.
87 1818 122 1842 v,
143 1813 182 1842 et
201 1805 361 1843 Photius
381 1805 420 1842 in
441 1809 532 1843 Lex.
552 1819 590 1856 p.
616 1819 685 1852 ¹07
705 1805 859 1843 nonnisi
895 1805 1068 1843 ultimam

37 1871 184 1914 partem
203 1863 308 1901 dant.
325 1867 374 1903 V.
394 1866 443 1902 H.
460 1865 592 1915 Steph.
607 1865 795 1903 Thesaur.
813 1878 841 1903 s.
856 1863 940 1903 ead.
953 1878 989 1902 v.

306 1928 391 1966 139.
410 1929 580 1981 [Olymp.
601 1932 736 1976 CXIV,
751 1929 803 1980 3.]

90 1992 280 2031 Plutarch.
295 1995 449 2031 Orator.
469 1994 554 2031 vitt.
576 2007 614 2044 p.
637 1995 727 2042 846,
750 1994 814 2032 fin.
834 1994 976 2044 (Reisk.
999 1993 1070 2038 lx,

39 2064 76 2101 p.
94 2051 184 2103 367)
203 2052 251 2089 de
269 2060 396 2090 morte
430 2053 723 2091 Demosthenis:
739 2052 941 2092 Ἀποθανεῖν
968 2050 1071 2090 αὐτὸν

38 2108 239 2164 Φιλόχορος
258 2109 321 2162 μέν
343 2125 428 2165 φησι
451 2111 636 2165 φάρμακον
658 2110 802 2159 πιόντα,
823 2111 981 2173 Σάτυρος
998 2109 1035 2149 δὲ
1054 2113 1073 2149 ὁ

38 2168 273 2223 συγγραφεὺς,
295 2169 354 2208 τὸν
380 2170 540 2220 κάλαμον
569 2170 843 2225 πεφαρμάχθαι,
869 2174 899 2224 ᾧ
923 2170 1071 2224 γράφειν
1100 2220 1103 2223 ¹

40 2225 170 2280 ἤρξατο
185 2226 250 2274 τὴν
270 2228 473 2277 ἐπιστολὴν,
491 2223 532 2267 οἶ
554 2229 768 2280 γευσάμενον
790 2231 990 2268 ἀποθανεῖν.

38 2338 192 2378 saiorum,
224 2340 404 2383 AEniauum‚
415 2340 608 2380 AEtolorum,
626 2341 789 2382 Dolopum
799 2342 832 2373 et
845 2340 1071 2373 Phthiotarum

39 2384 165 2417 Thebas
177 2385 328 2426 misisset,
339 2386 550 2419 Athenienses
563 2396 641 2419 vero
648 2387 763 2420 eodem
773 2389 918 2429 tempore
929 2387 1071 2428 legatum

39 2441 78 2465 eo
91 2433 259 2466 misissent
272 2435 537 2476 Demosthenem,
550 2435 695 2469 Thebani
708 2436 921 2470 decreverunt
930 2445 1005 2468 cum
1021 2435 1072 2468 his

40 2479 226 2512 societatem
240 2479 333 2513 inire.
358 2493 375 2509 »

83 2573 161 2605 Haec
173 2573 309 2607 Theoris
317 2576 386 2607 erat
398 2531 530 2608 fatidici
537 2530 632 2609 ἶῗοὴ
647 2576 825 2617 impietatis
838 2576 961 2610 crimen
968 2579 1072 2609 morte

43 2619 197 2653 mulctata
211 2621 273 2662 est,
291 2623 329 2653 ut
344 2621 555 2656 Philochorus
570 2622 653 2657 libro
667 2625 760 2656 sexto
776 2624 926 2656 testatur.

83 2713 340 2748 celebrabantur
361 2715 407 2748 ihi
434 2716 480 2758 (in
511 2671 601 2750 {312}
623 2717 837 2758 Athenarum)
864 2717 936 2749 1udi
955 2742 965 2758 ‚
989 2725 1073 2758 quos

45 2758 219 2801 Chytrinos
247 2761 409 2796 vocabant
429 2788 440 2804 ,
468 2766 505 2795 ut
540 2764 585 2797 ait
611 2765 825 2798 Philochorus
858 2764 941 2797 libro
978 2766 1072 2798 sexto

43 2805 223 2839 Atthidum.

513 2859 599 2892 138.

85 2900 242 2934 Incisura.
263 2922 305 2928 —
327 2903 508 2944 Hyperides
526 2904 560 2936 in
582 2907 728 2939 oratione
749 2908 862 2939 contra
886 2908 1073 2940 Demosthe-

44 2953 121 2978 nem
138 2956 147 2978 :
167 2959 183 2975 α
200 2950 242 2980 Et
255 2948 342 2981 infra
356 2951 472 2983 sedens
487 2951 550 2984 sub
573 2952 716 2985 incisura
727 2978 736 2994 ,
752 2967 767 2982 n
784 2954 996 2987 Philochorus
1018 2964 1072 2987 au-

0 3034 1 3037 *
45 2993 109 3024 tem
139 2993 222 3027 libro
247 2997 341 3028 sexto
364 2996 435 3029 sic:
459 3010 475 3025 «
491 2999 664 3039 Tripodem
689 3000 781 3032 illum
810 3003 997 3042 argenteum
1015 3010 1073 3042 pro

0 3041 1 3047 ¹
44 3038 171 3073 theatro
184 3041 308 3074 dicavit
319 3044 503 3077 AEschroeus
526 3046 744 3087 Anagyrasius
759 3071 767 3087 ,
783 3048 839 3088 qui
853 3056 939 3079 anno
952 3050 1074 3080 antece-

47 3085 134 3138 denti
158 3088 316 3130 choragus
348 3092 458 3132 pueris
482 3093 604 3124 vicerat
628 3096 660 3125 et
685 3093 718 3125 in
748 3094 817 3135 ipsa
842 3095 931 3135 rupis
953 3094 1073 3135 pariete

46 3132 209 3175 inscripsit
225 3136 431 3178 (victoriam).

89 3227 253 3260 Mortuum
270 3237 345 3261 eum
364 3230 639 3273 (Demosthenem)
655 3242 727 3266 esse
742 3234 841 3266 tradit
861 3234 1073 3266 Philochorus

48 3274 147 3313 epoto
164 3282 286 3307 veneno
304 3286 314 3315 ;
331 3279 464 3318 Satyrus
482 3280 603 3319 autem,
619 3280 763 3313 historiae
776 3281 930 3322 scriptor,
950 3290 1072 3313 veneno

48 3318 211 3353 imbutum
225 3322 326 3355 fuisse
338 3324 511 3366 calamum,
522 3335 588 3367 quo
598 3327 737 3360 scribere
747 3328 915 3369 epistolam
928 3329 1071 3369 etr-perit,

50 3371 151 3405 eoque
170 3369 309 3408 gustato,
327 3369 433 3410 ipsum
447 3371 593 3412 periisse.

1512 206 1516 208 .
2062 170 2138 206 407

1487 250 1640 290 LIBER
1670 250 1757 291 VII.

1167 307 1213 342 In
1245 303 1346 342 libro
1365 303 1531 355 septimo
1551 304 1751 345 memorati
1770 311 1859 342 sunt
1878 306 2120 356 magistratus
2132 335 2142 352 ‚

1115 375 1211 412 quos
1232 362 1451 401 Demetrius
1468 363 1672 401 Phalereus
1696 363 1919 411 constituit,
1940 363 2145 418 νομοφύλα-

1116 435 1172 464 κες
1208 421 1274 471 (fr.
1304 421 1419 472 ι4ι),
1439 422 1643 465 ἀποστολεῖς
1674 422 1735 474 (fr.
1768 421 1879 472 142),
1899 422 2146 475 γυναικονόμοι

1117 478 1179 531 (fr.
1204 479 1304 529 143).
1331 479 1525 518 Credibile
1544 489 1614 528 est,
1628 481 1731 519 hunc
1750 480 1891 520 librum
1923 482 1973 520 ab
1993 483 2145 534 Olymp.

1118 540 1235 586 CXV,
1254 540 1275 576 3
1300 552 1421 589 usque
1439 539 1488 576 ad
1505 540 1660 591 Olymp.
1679 542 1841 591 CXVII,
1870 554 1890 578 2
1906 571 1916 588 ‚
1952 554 2030 592 quo
2047 555 2148 580 anno

1118 597 1353 648 Antigonus,
1382 598 1607 649 Cassander,
1644 599 1871 638 Ptolemaeus
1900 608 1939 638 et
1978 601 2150 651 Lysima-

1119 657 1212 695 chus
1230 670 1364 708 pacem
1383 657 1483 695 inter
1503 672 1543 697 se
1564 669 1885 749 composuerunt,
1905 660 2148 712 pertinuisse.

1605 714 1617 749 1
1653 719 1689 751 0.

1172 765 1420 814 Harpocrat.:
1439 762 1544 810 Φυλὴ
1559 764 1668 815 δῆμός
1684 766 1759 804 ἐστι
1777 768 1888 819 φυλῆς
1901 769 1964 814 τῆς
1972 767 2149 815 Οἰνηϊδος.

1120 820 1322 875 Μένανδρος
1338 821 1522 876 Δυσκόλῳ·
1543 824 1620 870 Τῆς
1639 823 1797 871 Ἀττικῆς
1815 826 1968 877 νομίζετ’
1988 818 2077 864 εἶναι
2094 825 2151 865 τὸν

1119 878 1226 919 τόπον
1256 879 1382 927 Φυλήν
1394 896 1402 904 ·
1431 880 1471 919 τὸ
1488 882 1674 934 Νυμφαῖον
1696 882 1725 920 δ’
1745 883 1820 921 ὅθεν
1836 883 2057 937 προέρχομαι
2074 886 2154 924 Φυ-

1119 940 1265 980 λασίων.
1296 939 1496 994 Φιλόχορος
1527 940 1563 980 δὲ
1593 943 1629 979 ἐν
1665 942 1804 996 ἑὸδόμῳ
1821 942 1970 988 Ἀτθίδος
1991 944 2152 999 φρούριον

1121 999 1206 1039 αὖτό
1225 1014 1330 1053 φησιν
1348 994 1449 1038 εἶναι.
1929 996 1935 1003 ’

1570 1053 1639 1091 141
1681 1068 1715 1093 a.

1175 1109 1403 1158 Harpocrat.
1425 1121 1433 1144 :
1460 1104 1735 1159 Νομοφύλακες·
1758 1108 1851 1161 ἀρχή
1868 1125 1919 1152 τις
1939 1109 2025 1162 παρ’
2043 1109 2156 1157 Ἀθη-

1121 1165 1230 1209 ναίοις
1249 1164 1340 1204 οὕτω
1366 1166 1548 1214 ἐκαλεῖτο,
1568 1164 1780 1220 διαφέρουσα
1793 1168 1863 1205 τῶν
1882 1170 2155 1218 θεσμοθετῶν...

1124 1225 1324 1279 Φιλόχορος
1337 1226 1371 1263 ἐν
1388 1226 1439 1278 τῷ
1456 1223 1598 1279 ἑὸδόμῳ
1618 1225 1710 1264 ἄλλα
1736 1224 1775 1264 τέ
1797 1241 1875 1265 τινα
1896 1225 2051 1274 διεξῆλθε
2075 1228 2158 1280 περὶ

1125 1286 1239 1324 αὐτῶν
1272 1282 1332 1322 καὶ
1358 1282 1413 1322 ὅτι
1439 1277 1535 1322 οὗτοι
1566 1282 1628 1327 τὰς
1660 1282 1771 1337 ἀρχὰς
1807 1285 2051 1337 ἐπηνάγκαζον
2090 1292 2159 1330 τοῖς

1124 1342 1243 1394 νόμοις
1273 1345 1439 1396 χρῆσθαι.

1178 1403 1321 1441 Eadem
1346 1402 1502 1451 Suidas,
1530 1403 1596 1453 qui
1618 1415 1712 1440 vero
1730 1403 1956 1442 Philochori
1977 1418 2055 1443 non
2071 1405 2160 1443 facit

1127 1464 1374 1501 mentionem.

1574 1514 1643 1553 141
1677 1514 1716 1553 b.

1183 1574 1393 1626 Appendix
1423 1573 1552 1612 Photii
1575 1577 1736 1612 Porson.
1767 1586 1804 1624 p.
1833 1576 1930 1622 674,
1966 1576 2015 1612 5:
2047 1577 2166 1627 Νομο-

1128 1633 1279 1688 φύλακες
1307 1632 1418 1687 ἕτεροί
1442 1634 1510 1671 εἷσι
1532 1635 1602 1671 τῶν
1627 1634 1868 1683 θεσμοθετῶν,
1890 1635 1937 1676 ὡς
1964 1634 2162 1688 Φιλόχορος

1128 1696 1163 1732 ἐν
1185 1695 1229 1746 τῇ
1253 1691 1294 1738 ζ’.
1315 1694 1362 1732 Οἱ
1380 1691 1444 1744 μὲν
1470 1691 1538 1745 γὰρ
1558 1691 1724 1746 ἄρχοντες
1744 1691 1925 1731 ἀνέὸαινον
1949 1695 1997 1738 εἷς
2024 1692 2162 1747 Ἄρειον

1128 1752 1241 1803 πάγον
1271 1750 1566 1804 ἐστεφανωμένοι·
1594 1753 1626 1788 οἱ
1662 1749 1700 1788 δὲ
1735 1750 1978 1805 νομοφύλακες
2015 1752 2164 1806 στροφία

1127 1813 1248 1865 χαλκᾶ
1270 1810 1412 1863 ἄγοντες
1447 1810 1508 1849 καὶ
1527 1811 1563 1848 ἐν
1588 1815 1664 1854 ταῖς
1687 1809 1780 1854 θέαις
1806 1810 1961 1849 ἐναντίον
1982 1811 2162 1864 ἀρχόντων

1128 1869 1345 1916 ἐκαθέζοντο·
1365 1870 1426 1908 καὶ
1455 1868 1520 1917 τὴν
1550 1868 1696 1920 πομπὴν
1720 1868 1877 1921 ἔπεμπον
1905 1873 1948 1923 τῇ
1978 1871 2163 1919 Παλλάδι,

1126 1929 1189 1974 τὰς
1209 1929 1246 1970 δὲ
1265 1929 1376 1983 ἀρχὰς
1401 1927 1599 1980 ἠνάγκαζον
1613 1934 1684 1972 τοῖς
1708 1928 1827 1980 νόμοις
1851 1932 2024 1983 χρῆσθαι,
2051 1929 2110 1968 καὶ
2128 1931 2163 1968 ἐν

1127 1993 1171 2043 τῇ
1210 1989 1382 2043 ἐκκλησίᾳ
1407 1988 1467 2028 καὶ
1492 1990 1527 2027 ἐν
1550 1990 1594 2040 τῇ
1632 1989 1741 2041 βουλῇ
1773 1986 1860 2038 μετὰ
1891 1991 1959 2028 τῶν
1986 1988 2162 2042 προέδρων

1128 2049 1313 2098 ἐκάθηντο,
1346 2046 1538 2090 κωλύοντες
1561 2046 1604 2084 τὰ
1635 2046 1822 2101 ἀσύμφορα
1849 2050 1892 2100 τῆ
1919 2047 2021 2086 πόλει
2048 2048 2163 2102 πράτ-

1128 2124 1213 2147 τειν.
1244 2106 1362 2147 Ἑπτὰ
1389 2105 1426 2145 δὲ
1452 2100 1562 2153 ἦσαν·
1595 2104 1656 2143 καὶ
1679 2105 1921 2156 κατέστησαν,
1946 2108 1991 2150 ὡς
2007 2106 2160 2158 Φιλόχο-

1131 2183 1205 2221 ρος,
1226 2165 1282 2204 ὅτε
1303 2165 1496 2220 Ἐφιάλτης
1517 2163 1607 2214 μόνα
1629 2163 1796 2203 κατέλιπε
1821 2167 1865 2212 τῆ
1889 2164 1923 2210 ἐξ
1939 2165 2076 2218 Ἀρείου
2096 2166 2159 2205 πά-

1128 2242 1192 2278 γου
1214 2227 1321 2278 βουλῇ
1340 2224 1385 2263 τὰ
1405 2223 1492 2277 ὑπὲρ
1518 2227 1579 2262 τοῦ
1605 2222 1780 2274 σώματος.

1513 2336 1666 2376 LIBER
1694 2336 1781 2375 VII.

1604 2402 1693 2434 140.

1174 2459 1273 2500 Phyle
1290 2461 1340 2492 est
1357 2459 1498 2500 populus
1513 2459 1664 2491 OEneidis
1680 2458 1797 2491 tribus.
1814 2458 1989 2491 Menander
2007 2460 2113 2491 autem
2130 2460 2162 2490 in

1131 2508 1259 2539 Moroso
1278 2516 1286 2537 t
1310 2508 1422 2538 Terrae
1437 2506 1554 2538 Atticae
1570 2506 1681 2546 putate
1693 2515 1763 2538 esse
1778 2506 1886 2538 locum
1903 2506 2043 2546 Phylen,
2067 2508 2163 2546 atque

1131 2553 1367 2594 Nymphaeum,
1394 2553 1481 2586 unde
1508 2552 1713 2594 progredior,
1749 2552 1982 2593 Phylasiorum.
2015 2552 2076 2584 Sed
2092 2552 2162 2583 Phi-

1132 2601 1284 2632 lochorus
1297 2599 1465 2632 castellum
1481 2600 1513 2632 id
1530 2608 1601 2632 esse
1618 2599 1732 2640 tradit,
1755 2599 1835 2632 libro
1852 2599 1988 2639 septimo
2005 2599 2160 2631 Atthidis.

1579 2655 1646 2686 141
1681 2659 1716 2686 ἃ,

1177 2708 1455 2749 Nomophylaces‚
1477 2707 1686 2748 magistratus
1711 2707 1797 2748 apud
1817 2707 2028 2738 Athenienses
2049 2706 2094 2738 ita
2109 2715 2161 2747 ap-

1133 2755 1324 2797 pellabatur,
1336 2764 1355 2786 a
1367 2755 1608 2787 Thesmothetis
1621 2754 1771 2786 diversus
1854 2753 2065 2786 Philochorus
2079 2753 2161 2786 libro

1134 2802 1273 2843 septimo
1286 2810 1389 2842 quum
1406 2801 1467 2832 alia
1480 2801 1635 2833 nonnulla
1647 2800 1687 2833 de
1701 2800 1740 2832 iis
1755 2800 1850 2841 dixit,
1867 2802 1935 2831 tum
1950 2809 2004 2832 eos
2018 2800 2162 2842 coegisse

1132 2849 1342 2890 magistratus
1356 2847 1482 2889 legibus
1500 2847 1560 2880 uti.

1173 2952 1430 2993 Nomophylaces
1451 2952 1609 2984 disserunt
1628 2961 1647 2984 a
1663 2952 1920 2992 Thesmothetis,
1946 2955 1980 2984 ut
1995 2952 2161 2985 Philocho-

1134 3008 1191 3031 rus
1205 2999 1321 3030 scribit
1336 2998 1418 3029 libro
1440 2999 1577 3039 septimo
1587 3009 1597 3037 ;
1622 2998 1792 3030 archontes
1806 2998 1891 3030 enim
1907 2998 1941 3030 in
1959 3001 2160 3039 Areopagum

1133 3045 1349 3078 ascendebant
1370 3045 1515 3077 coronati
1534 3068 1543 3083 ,
1568 3044 1817 3086 nomophylaces
1835 3054 1912 3077 vero
1933 3046 2161 3078 redimiculum

1132 3100 1260 3125 aeneum
1274 3091 1442 3132 gestabant
1456 3091 1536 3124 etin
1551 3092 1743 3133 spectaculis
1765 3101 1783 3124 e
1797 3092 1926 3134 regione
1947 3093 2158 3125 archontibus

1133 3139 1304 3173 sedebant;
1319 3139 1472 3171 Minervae
1486 3147 1638 3180 pompam
1653 3138 1828 3179 ducebant,
1842 3141 1875 3172 et
1888 3140 2099 3181 magistratus
2113 3149 2162 3172 co-

1132 3186 1250 3227 gebant
1261 3185 1386 3226 legibus
1403 3186 1449 3217 uti
1459 3197 1468 3226 3
1487 3185 1520 3217 in
1538 3185 1680 3218 comitiis
1694 3186 1774 3218 etin
1791 3190 1905 3219 senatu
1919 3196 1994 3220 curn
2016 3187 2162 3229 proedris

1132 3232 1370 3273 praesidebant,
1385 3232 1596 3273 impedientes
1610 3257 1618 3272 ‚
1637 3242 1678 3265 ne
1700 3233 1779 3274 quid
1799 3234 2023 3267 decerneretur
2038 3260 2047 3275 ‚
2073 3234 2161 3275 quod

1134 3279 1205 3311 urbi
1217 3283 1302 3312 esset
1317 3280 1471 3319 noxium;
1485 3283 1577 3312 erant
1589 3282 1698 3314 autem
1714 3284 1836 3322 septem
1850 3283 1882 3314 et
1895 3282 2063 3315 constituti
2084 3285 2161 3314 sunt

1133 3329 1350 3405 fl¹¹⁰ie¹¹¹tp⁰s⁶
1364 3327 1525 3368 Ephialtes
1538 3330 1702 3369 Areopago
1712 3329 1837 3362 nonnisi
1852 3329 1975 3370 judicia
1991 3329 2106 3371 capitis
2119 3337 2161 3360 re-

1147 3382 1265 3414 iqmsse
1284 3398 1290 3404 .
