2320 3684
784 145 1087 186 PHYLARCHI
1116 145 1452 186 FRAGMENTA.

410 234 565 277 LIBER
594 233 719 274 XVII.

519 301 582 346 34.

90 371 148 405 Jo.
168 366 363 405 Laurentii
382 365 481 416 Lydi
492 365 627 416 fragm.
643 367 701 402 De
719 361 916 401 mensibus
936 375 974 413 p.
995 361 1071 408 276

35 426 95 465 ed.
110 429 210 464 Hase
224 441 233 463 :
249 424 330 465 Εἰσὶ
347 423 383 462 δὲ
397 422 432 463 οἵ
448 439 551 478 φασι,
570 423 629 462 τὸν
650 421 802 482 Κρόν[ον
818 420 841 468 ἢ
860 419 967 472 κα]τὰ
991 420 1072 471 ἀ[ν-

36 484 249 538 τιστοιχείαν
268 483 328 523 τὸν
348 480 498 538 Χ]ρόνον
523 482 717 536 [Οὖρ]ανοῦ
738 476 829 519 εἶναι
848 479 959 518 παῖδα
971 494 980 502 ·
1013 478 1073 518 καὶ

34 543 103 598 γὰρ
120 545 160 583 ἐκ
175 546 238 591 τῆς
250 545 398 598 οὐρανοῦ
415 541 616 595 [κινήσε]ως
634 545 653 581 ὃ
671 539 811 595 χρόνος·
827 541 863 579 ἐν
881 538 917 577 δὲ
931 540 981 591 τῷ
994 537 1073 577 κατ’

37 603 138 642 αὐτὸν
160 605 244 657 ἱερῷ
258 633 268 651 ,
286 601 334 646 ὥς
350 618 436 657 φησι
449 600 659 655 Φύλαρ[χος
679 601 714 639 ἐν
737 602 782 652 τῇ
801 597 1075 650 ἑ]πτακαιδεκά-

35 679 80 716 τῃ
97 661 157 702 καὶ
178 661 381 716 Μένανδρός
397 676 437 713 γε
455 661 532 714 [τῇ]
550 659 694 715 πρώτῃ,
727 658 808 698 οὔτε
844 656 958 709 γυνὴ,
979 656 1074 708 ο[ὔτε

35 720 128 761 κύων
148 720 244 772 οὔτ]ε
262 721 380 773 μυῖ[α]
397 719 519 772 εἰσῄει.

79 781 149 845 [ΟΥ.
179 780 346 819 Lobeck.
373 780 622 832 Aglaopham.
642 792 682 830 p.
705 778 819 816 1166.

415 923 572 963 LIBER
601 921 710 961 XIX.

523 999 589 1038 35.

92 1065 299 1104 Athenaeus
315 1067 427 1113 XIII,
445 1064 509 1115 89,
532 1077 571 1115 p.
588 1064 679 1113 609,
698 1065 731 1102 Α
750 1093 758 1101 .
784 1061 977 1116 Φύλαρχος
991 1059 1028 1099 δὲ
1040 1061 1076 1099 ἐν

39 1126 84 1177 τῇ
115 1123 410 1177 ἐννεακαιδεκάτῃ
450 1122 626 1175 Τιμῶσάν
656 1138 743 1176 φησι
783 1121 847 1170 τὴν
881 1120 1076 1175 Ὀξυάρτου

38 1183 241 1223 παλλακίδα
268 1182 384 1228 πάσας
408 1189 575 1236 γυναῖκας
606 1181 909 1237 ὖπερὸεὸληκέναι
941 1181 1076 1221 κάλλει.

40 1241 187 1292 Ταύτην
209 1243 242 1290 δῖ
257 1243 472 1283 ἀπεστάλκει
502 1244 611 1296 δῶρον
628 1245 646 1281 ὁ
661 1244 730 1280 τῶν
751 1241 955 1293 Αἰγυπτίων
975 1243 1079 1293 βασι-

0 1341 3 1343 .
35 1301 116 1347 λεὺς
135 1302 292 1357 Στατίρᾳ
305 1305 347 1356 τῇ
367 1302 538 1356 βασιλέως
549 1301 699 1353 γυναικί.

94 1379 110 1397 «
130 1365 206 1400 Pro
241 1361 401 1416 Στατίρᾳ
427 1361 674 1400 scribendum
701 1360 858 1399 videtur
884 1358 1076 1413 Στατείρᾳ.

39 1424 69 1460 F
74 1430 277 1473 requentes
297 1421 487 1472 ejusmodi
515 1421 787 1472 corruptiones
808 1432 891 1456 esse
911 1427 1076 1457 constat.

39 1482 189 1520 Nomen
215 1481 287 1519 fuit
304 1482 437 1518 uxoris
465 1481 574 1519 Darii
601 1479 841 1519 Codomanni
867 1479 1076 1530 (Plutarch.

41 1541 155 1579 Alex.
180 1540 266 1591 30),
284 1541 368 1578 filiae
384 1540 466 1592 ejus
489 1540 659 1592 (Diodor
679 1542 772 1586 VII,
800 1538 902 1588 107).
922 1535 1079 1591 Ὀξυάρ-

42 1614 104 1638 του
134 1600 294 1637 nomine
309 1613 403 1637 num
422 1600 634 1646 Oxathres,
655 1598 765 1636 Darii
780 1598 911 1645 frater,
927 1597 1075 1635 intelli-

42 1657 189 1709 gendus
212 1659 262 1696 sit
281 1658 462 1710 (mador,
493 1661 625 1706 XVII,
642 1659 712 1704 34,
734 1656 822 1708 77),
850 1670 898 1694 an
924 1659 1078 1705 Oxyar-

7 1736 11 1738 “
42 1717 124 1756 thes
143 1717 386 1765 Bactrianus,
402 1717 512 1768 cujus
529 1716 646 1754 filiam
665 1719 853 1753 Roxanen
866 1714 1078 1752 Alexander

26 1782 201 1815 'uxorem
220 1776 330 1814 duxit
350 1776 528 1828 (Diodor.
551 1778 707 1822 XVIII,
732 1776 767 1822 3,
788 1774 872 1825 39),
888 1774 927 1811 in
946 1774 1076 1812 medio

41 1835 335 1886 relinquendum
350 1843 420 1874 est.
437 1834 542 1874 -Ὁ
561 1836 630 1873 τῶν
654 1833 860 1886 Αἰγυπτίων
895 1831 1076 1886 βασιλεύς,

41 1894 147 1946 quod
185 1895 539 1946 Schweighaeusero
564 1895 691 1932 visum
726 1902 807 1942 est,
839 1907 913 1932 nec
934 1893 1075 1945 praese-

43 1961 125 1992 ctus
166 1953 282 2004 hujus
318 1954 531 2006 provinciae
571 1967 653 1992 esse
698 1962 840 2005 potest,
876 1967 948 1991 nec
984 1953 1024 1990 in
1058 1954 1077 1990 ὁ

41 2013 110 2051 τῶν
130 2014 211 2064 Αἷγ.
233 2012 416 2067 σατράπης
436 2013 544 2052 facile
567 2013 722 2064 corrigi.
739 2012 993 2064 Cogitandum
1010 2012 1075 2049 vi-

42 2071 156 2110 detur
171 2071 218 2110 de
234 2086 313 2110 uno
328 2073 495 2124 quodam
517 2087 653 2111 eorum
673 2086 809 2124 regum
819 2103 829 2122 ,
840 2086 939 2124 quos
955 2075 1076 2123 AEgy*

44 2140 131 2182 ptus
156 2131 312 2180 habuit,
334 2140 540 2183 antequam
571 2147 642 2184 per
666 2133 817 2172 Ochum
837 2133 878 2170 in
900 2140 1074 2184 potesta—

43 2197 120 2228 tem
140 2194 341 2229 Persarum
358 2192 629 2244 redigeretur.»
648 2195 852 2231 Brz'tclmer.

412 2305 564 2343 LIBER
591 2305 717 2345 XVII.

530 2370 594 2403 34.

87 2421 170 2453 Sunt
183 2420 240 2461 qui
257 2420 386 2461 dicant,
412 2421 464 2453 τὸν
488 2422 625 2466 Κρόνον,
640 2421 710 2454 sive
721 2446 731 2463 ,
754 2422 862 2455 littera
876 2423 1079 2464 permutata,

44 2468 96 2500 τὸν
111 2467 241 2511 Χρόνον,
268 2468 331 2500 hoc
349 2470 399 2501 est
414 2470 575 2510 Tempus,
589 2469 672 2502 coeli
690 2478 762 2502 esse
776 2468 880 2502 filium
898 2479 906 2501 :
925 2470 1045 2502 etenim
1061 2479 1079 2502 e

45 2513 117 2547 coeli
134 2518 225 2548 motu
253 2517 382 2557 tempus
403 2515 439 2548 fit
459 2526 467 2548 t
485 2516 520 2548 in
543 2516 631 2548 illius
646 2518 755 2549 autem
776 2517 934 2558 templum
947 2540 956 2556 ‚
981 2519 1018 2549 ut
1033 2517 1080 2550 ait

48 2559 249 2603 Phylarchus
267 2562 348 2595 libro
372 2563 498 2596 decimo
521 2563 661 2605 septimo
674 2588 684 2604 ,
709 2567 741 2596 et
756 2564 933 2597 Menander
948 2565 1055 2606 primo
1067 2587 1078 2605 ,
1106 2540 1112 2653 ἐ

1106 2654 1111 2711 Ι

47 2616 152 2650 neque
166 2609 296 2650 semina,
310 2619 416 2652 neque
431 2610 533 2651 canis,
549 2619 654 2652 neque
670 2620 784 2645 musea
798 2611 963 2644 introibat.

414 2687 568 2757 LIBER
596 2686 705 2757 XIX.

541 2783 560 2815 3
567 2783 602 2816 5.

87 2833 298 2875 Phylarcnus,
311 2833 394 2866 libro
406 2833 532 2867 decimo
559 2844 659 2875 nono,
673 2835 837 2867 Timosam
852 2835 908 2874 ait,
923 2837 1077 2876 Oxyartac

47 2877 204 2920 pellicem,
220 2888 334 2913 omnes
349 2880 501 2913 mulieres
516 2881 629 2914 formae
642 2882 882 2923 pulchritudine
896 2890 1075 2923 superasse.

49 2925 140 2958 Dono
155 2926 287 2959 miserat
302 2928 385 2960 hanc
400 2936 455 2960 rex
473 2929 700 2970 AEgyptiorum
718 2929 855 2969 Statirae,
874 2929 954 2970 regis
970 2929 1074 2961 uxori.
1106 2951 1109 2958 .

417 3030 572 3070 LIBER
606 3031 692 3070 XX.

88 3145 286 3186 Phylarchus
299 3146 455 3179 vicesimo
467 3147 550 3179 libro
563 3147 670 3188 docet,
685 3156 784 3189 quam
798 3148 953 3190 singulari
967 3157 1076 3180 amore

48 3190 178 3232 clephas
199 3191 306 3225 bellna
322 3193 472 3226 dilexerit
485 3194 654 3227 infantem.
674 3195 792 3227 Scribit
815 3198 925 3227 autem
939 3195 972 3226 in
989 3195 1076 3226 hunc

49 3238 207 3270 modum:
229 3252 245 3267 «ι
260 3242 345 3272 Cum
369 3242 431 3273 hoc
458 3241 626 3282 elephante
655 3243 752 3274 simul
789 3242 936 3274 alebatur
958 3242 1076 3274 semina

49 3285 189 3327 elephas,
206 3296 303 3328 quam
324 3288 464 3320 Nicaeam
481 3290 661 3330 vocabant;
682 3290 734 3322 cui
752 3299 835 3321 uxor
849 3289 920 3321 Indi
936 3289 1076 3320 moriens

49 3331 319 3366 infantem‘suum
334 3335 465 3375 triginta
486 3336 556 3368 dies
578 3339 691 3368 natum
718 3336 967 3368 custodiendum
981 3344 1076 3376 appo-

49 3382 166 3412 suerat.
183 3382 264 3413 Tum
281 3384 408 3414 mortua
423 3383 555 3415 muliere
570 3407 578 3422 ,
594 3383 696 3415 mirus
713 3383 845 3423 quidam
859 3382 976 3414 amoris
1004 3382 1076 3413 affe-
1103 3363 1108 3413 l

2088 158 2162 191 343

1182 352 1388 391 Athenaeus
1408 357 1516 402 XIII,
1539 354 1602 402 85,
1619 367 1657 406 p.
1679 354 1769 402 606,
1789 357 1842 392 F:
1864 352 2011 408 Ἱστορεῖ
2026 354 2062 393 δὲ
2081 354 2165 394 Φύ-

1129 410 1260 463 λαρχος
1283 410 1340 450 διὰ
1367 415 1430 459 τῆς
1449 413 1607 459 εἷκοστῆς
1630 411 1716 461 ὅσην
1734 411 1860 467 ἐλέφας
1891 412 1932 452 τὸ
1951 415 2038 468 ζῷον
2066 416 2168 468 φιλο-

1131 469 1296 522 στοργίαν
1323 469 1426 523 ἔσχεν
1442 473 1489 515 εἷς
1504 471 1645 510 παιδίον
1659 487 1667 496 ·
1684 471 1812 526 γράφει
1826 472 1855 510 δ’
1875 471 1997 518 οὕτως·
2015 473 2167 528 «Τούτῳ

1132 526 1169 565 δὲ
1186 530 1238 580 τῷ
1257 528 1424 582 ἐλέφαντι
1453 530 1684 585 συνετρέφετο
1703 531 1826 579 θήλεια
1843 531 1969 587 ἐλέφας
1981 564 1991 582 ,
2021 533 2063 580 ἢν
2095 534 2164 574 Νί-

1131 601 1235 624 καιαν
1255 587 1402 626 ἐκάλουν
1414 604 1422 612 ·
1437 583 1466 642 ᾧ
1482 591 1681 629 τελευτῶσα
1706 594 1729 638 ἠ
1752 594 1813 629 τοῦ
1833 590 1942 630 Ἰνδοῦ
1962 591 2049 644 γυνὴ
2076 608 2167 631 παι-

1132 644 1203 683 δίον
1225 647 1332 693 αὖτ’ῆς
1349 654 1594 700 τριακοσταῖον
1617 649 1893 703 παρακατέθετο.
1912 650 2170 699 Ἀποθανούσης

1132 703 1169 742 δὲ
1200 708 1262 752 τ’ῆς
1291 706 1475 760 ἀνθρώπου
1509 709 1602 755 δεινάΙ
1631 725 1684 754 τις
1715 710 1943 764 φιλοστοργία
1968 710 2089 764 γέγονε
2109 716 2169 751 τοῦ

1133 764 1253 817 θηρίου
1273 764 1359 819 πρὸς
1376 765 1417 804 τὸ
1432 766 1587 806 παιδίον.
1602 767 1696 807 Οὔτε
1714 767 1782 823 γὰρ
1804 770 1864 808 ἀπ’
1888 771 1994 809 αὐτοῦ
2013 771 2168 826 χωριζό-

1135 839 1237 874 μενον
1252 823 1293 862 τὸ
1317 823 1441 879 βρέφος
1459 825 1643 877 ὑπέμενεν,
1658 830 1676 866 ὁ
1691 827 1727 866 δὲ
1737 858 1747 876 ,
1767 830 1797 866 εἷ
1811 828 1860 880 μὴ
1883 829 2006 882 βλέποι
2023 830 2063 869 τὸ
2078 846 2169 869 παι-
2184 839 2195 845 ’

1134 882 1219 931 δίον,
1236 883 1430 937 ἤσχαλλεν.
1457 884 1541 924 “Ὀτ’
1570 880 1629 924 οῧν
1649 889 1671 934 ἡ
1694 887 1822 942 τροφὸς
1849 890 2061 940 ἐμπλήσειεν
2085 890 2170 930 αὐτὸ

1133 946 1195 981 τοῦ
1213 943 1407 994 γάλακτος,
1427 943 1495 982 ἀνὰ
1514 944 1620 996 μέσον
1637 947 1706 984 τῶν
1721 947 1837 986 ποδῶν
1855 952 1915 987 τοῦ
1930 949 2050 1004 θηρίου
2067 950 2171 989 ἐτίθει

1134 1003 1221 1042 αὐτὸ
1252 1004 1287 1042 ἐν
1320 1003 1453 1058 σκάφῃ.
1487 1005 1534 1043 Εἰ
1555 1004 1591 1044 δὲ
1609 1004 1658 1056 μὴ
1678 1009 1781 1044 τοῦτο
1803 1008 2002 1057 πεποιήκοι,
2038 1009 2169 1064 τροφὴν

1135 1065 1199 1102 οὐκ
1219 1062 1417 1114 ἐλάμὸανεν
1432 1066 1454 1110 ἡ
1470 1062 1606 1118 ἐλέφας.
1628 1063 1698 1104 Καὶ
1715 1064 1805 1115 μετὰ
1822 1071 1931 1105 ταῦτα
1946 1068 1992 1106 δι’
2008 1067 2092 1115 ὅλης
2110 1072 2172 1116 τῆς

1135 1122 1271 1177 ἡμέρας
1295 1121 1375 1167 τοὺς
1390 1122 1573 1175 καλάμους
1590 1123 1797 1175 λαμὸάνων,
1811 1126 1870 1164 καὶ
1886 1128 1955 1165 τῶν
1976 1131 2168 1181 παρατιθε-

1136 1181 1252 1234 μένων
1287 1181 1561 1236 χορτασμάτων,
1581 1182 1807 1227 καθεύδοντος
1833 1188 1893 1223 τοῦ
1925 1186 2087 1240 βρέφους,
2110 1187 2172 1232 τὰς

1137 1242 1242 1294 μυίας
1263 1241 1454 1281 ἄπεσόὸει·
1485 1241 1543 1280 ὅτε
1563 1241 1600 1280 δὲ
1630 1242 1767 1291 κλαίοι,
1796 1246 1840 1296 τῇ
1868 1245 2073 1297 προὸοσκίδι
2106 1245 2170 1294 τὴν

1135 1300 1275 1356 σκάφην
1291 1301 1396 1340 ἐκίνει
1409 1301 1470 1341 καὶ
1482 1301 1724 1353 κατεκοίμιζεν
1739 1302 1839 1342 αὐτό·
1861 1302 1901 1342 τὸ
1918 1303 1948 1341 δ’
1965 1304 2050 1343 αὐτὸ
2064 1305 2173 1344 ἐποίει

1135 1360 1195 1399 καὶ
1209 1364 1228 1399 ὁ
1248 1359 1357 1414 ἄρῤην
1378 1359 1503 1415 ἐλέφας
1517 1361 1726 1405 πολλάκις.»

1190 1421 1360 1459 AElianus
1375 1423 1432 1458 De
1461 1429 1599 1458 natura
1625 1421 1775 1459 animal.
1795 1425 1863 1470 XI,
1892 1429 1935 1468 14
1956 1437 1963 1459 :
1981 1421 2071 1462 ‘'Oc-e
2091 1426 2172 1475 γοῦν

1135 1479 1329 1531 Ἀντίγονος
1353 1477 1550 1533 ἐπολιόρκει
1574 1478 1772 1534 Μεγαρέας,
1792 1480 1842 1519 ἑνὶ
1876 1483 1946 1520 τῶν
1974 1482 2172 1536 ἐλεφάντων

1133 1541 1204 1577 τῶν
1221 1540 1423 1590 πολεμικῶν
1439 1538 1665 1595 συνετρέφετο
1681 1539 1740 1578 καὶ
1757 1541 1878 1589 θῆλυς,
1897 1540 2008 1593 ὄνομα
2026 1541 2171 1581 Νίκαια.

1136 1597 1262 1650 Ταύτῃ
1282 1597 1397 1636 τοίνυν
1417 1601 1438 1645 ἠ
1459 1601 1520 1637 τοῦ
1538 1598 1722 1652 τρέφοντος
1748 1598 1851 1638 αὐτὸν
1871 1599 1958 1647 γυνὴ
1985 1601 2137 1650 παιδίον,
2155 1601 2173 1640 ὃ

1135 1656 1239 1710 ἔτυχε
1245 1660 1396 1696 τεκοῦσα
1404 1656 1472 1711 πρὸ
1479 1659 1620 1711 ἡμερῶν
1627 1658 1830 1710 τριάκοντα,
1838 1658 1899 1697 καὶ
1910 1659 2174 1713 παρακατέθετο

1135 1719 1234 1770 φωνῇ
1252 1719 1296 1767 τῇ
1324 1716 1457 1764 Ἰνδῶν,
1485 1711 1526 1764 ’ἧς
1555 1715 1741 1755 ἀκούουσιν
1767 1716 1962 1771 ἐλέφαντες.
1980 1717 2025 1757 Ὁ
2046 1717 2082 1756 δὲ
2112 1718 2172 1758 καὶ

1135 1776 1245 1831 ἐφίλει
1262 1775 1302 1814 τὸ
1317 1774 1458 1814 παιδίον
1472 1775 1532 1813 καὶ
1551 1774 1740 1829 ἐφύλαττε,
1761 1775 1820 1814 καὶ
1839 1776 2001 1828 κειμένου
2020 1778 2170 1825 πλησίον

1134 1835 1250 1884 ἥδετο,
1275 1834 1335 1874 καὶ
1352 1833 1564 1885 κνυζομένου
1587 1834 1787 1888 παρέὸλεπε
1806 1835 1866 1874 καὶ
1883 1835 2108 1881 καθεύδοντος
2125 1839 2169 1890 τῇ

1134 1893 1342 1949 προὸοσκίδι
1373 1893 1435 1937 τὰς
1469 1893 1575 1945 μυίας
1604 1893 1764 1932 ἀνεσόὸει
1793 1894 1957 1946 καλάμου
1985 1896 2088 1934 κλαδὶ
2107 1900 2170 1935 τοῦ

1133 1952 1452 2008 παραὸαλλομένου
1471 1954 1518 1997 εἷς
1535 1952 1677 2007 τροφήν.
1703 1954 1748 1992 Εἰ
1774 1952 1811 1992 δὲ
1829 1953 1878 2005 μὴ
1897 1957 2013 2008 παρῆν
2027 1955 2068 1993 τὸ
2088 1955 2171 2009 βρέ-

1134 2029 1215 2068 φος,
1239 2012 1318 2052 τότε
1337 2012 1398 2051 καὶ
1423 2011 1554 2066 τροφὴν
1579 2010 1816 2051 ἀνεστέλλετο.
1847 2014 1984 2052 Οὐκοῦν
2011 2013 2081 2053 ἔδει
2107 2014 2170 2062 τὴν

1133 2073 1327 2128 τρέφουσαν
1349 2071 1432 2110 αὐτὸ
1453 2073 1635 2122 ἐμπλῆσαι
1665 2070 1728 2123 μὲν
1749 2076 1810 2110 τοῦ
1838 2073 2031 2124 γάλακτος,
2051 2090 2172 2127 παρα-

1133 2136 1243 2171 θεῖναι
1273 2131 1309 2175 δὲ
1329 2133 1379 2184 τῷ
1410 2129 1598 2181 κηδεμόνι,
1617 2129 1639 2176 ἢ
1661 2130 1802 2174 πάντως
1830 2133 2036 2182 ἀγανακτῶν
2058 2135 2079 2179 ἢ
2102 2132 2171 2172 Νί-

1133 2207 1217 2230 καια
1238 2185 1280 2238 ἦν
1297 2191 1418 2238 δῆλος,
1438 2189 1498 2227 καὶ
1517 2188 1762 2240 τεθυμωμένος
1783 2190 1843 2228 καί
1860 2207 1894 2228 τι
1920 2191 1979 2229 καὶ
2000 2191 2169 2245 δρασείων

1137 2303 1212 2334 ctus
1225 2299 1341 2333 belluae
1355 2299 1480 2331 exstitit
1493 2298 1650 2330 adversus
1663 2298 1831 2331 infantem.
1844 2301 1910 2331 Nec
1920 2300 2006 2332 enim
2018 2301 2172 2333 sustinuit

1136 2351 1208 2382 uta
1233 2357 1268 2380 se
1297 2347 1406 2379 infans
1430 2348 1676 2378 removeretur:
1695 2348 1727 2379 et
1744 2346 1807 2378 nisi
1832 2350 2024 2388 praesentem
2047 2347 2171 2380 videret

1136 2395 1309 2436 parvulum
1324 2417 1333 2434 ,
1360 2394 1463 2426 tn'stis
1495 2395 1573 2426 erat.
1597 2393 1698 2434 Igitur
1728 2393 1856 2434 quoties
1898 2393 1980 2426 laete
2012 2394 2168 2426 infantem

1134 2442 1327 2474 nun-ivisset
1340 2439 1465 2480 nutrix,
1485 2439 1571 2471 inter
1585 2439 1685 2480 pedes
1704 2439 1821 2472 belluae
1837 2440 1929 2472 illum
1949 2441 1982 2472 in
2003 2441 2096 2472 cunis
2111 2450 2165 2482 po-

1108 2495 1112 2530 }
1135 2489 1201 2521 suit
1216 2498 1224 2520 :
1241 2488 1329 2529 quod
1345 2488 1407 2519 nisi
1421 2487 1474 2519 illa
1488 2487 1629 2526 fecisset,
1643 2487 1762 2528 pabulo
1776 2487 1958 2520 abstinebat
1974 2488 2114 2528 elephas.
2127 2489 2170 2520 Et

1133 2535 1253 2568 deinde
1270 2544 1326 2577 per
1349 2536 1456 2567 totum
1487 2534 1572 2566 diem
1597 2535 1773 2567 arundines
1795 2544 1927 2567 sumens
1956 2536 1988 2566 et
2014 2536 2169 2567 stramina

1134 2582 1302 2623 adposita,
1328 2582 1508 2614 dormiente
1534 2581 1665 2618 infante,
1682 2591 1813 2614 muscas
1834 2581 1874 2613 ab
1889 2590 1927 2613 eo
1944 2581 2091 2622 abigebat
2110 2591 2117 2612 t
2136 2585 2169 2613 et

1134 2630 1230 2663 flente
1245 2630 1300 2662 illo
1314 2653 1323 2670 ,
1341 2629 1534 2671 proboscide
1554 2638 1655 2661 cunas
1672 2628 1828 2669 agitabat,
1855 2637 1993 2668 eumque
2009 2627 2166 2668 sopiebat.

1134 2679 1241 2718 Atque
1255 2677 1340 2710 idem
1360 2685 1446 2718 saepe
1460 2676 1560 2708 etiam
1577 2675 1714 2707 faciebat
1727 2675 1858 2716 elephas
1872 2683 1953 2706 mas.
1975 2687 1990 2702 »

1174 2728 1284 2763 Quum
1301 2725 1482 2765 Antigonus
1495 2723 1730 2764 Megarensium
1745 2722 1858 2753 urbem
1867 2721 2040 2760 obsideret,
2049 2721 2168 2754 femina

1133 2773 1231 2804 simul
1247 2773 1388 2814 elephas,
1405 2772 1514 2803 Nicaea
1528 2770 1670 2809 nomine,
1686 2778 1760 2802 cum
1775 2778 1840 2801 uno
1853 2769 1892 2801 de
1908 2769 2086 2810 elephantis
2102 2768 2167 2801 bel-

1132 2819 1290 2852 latoribus
1305 2818 1508 2852 versabatur.
1526 2819 1568 2850 Et
1587 2826 1688 2858 quum
1703 2817 1799 2855 illius,
1815 2816 1871 2858 qui
1887 2816 2094 2857 elephantum
2107 2816 2167 2848 ale-

1134 2870 1195 2906 ret,
1210 2877 1294 2899 uxor
1310 2867 1466 2898 infantem
1481 2873 1617 2906 puerum
1635 2865 1710 2895 ante
1727 2872 1870 2895 mensem
1882 2863 2071 2904 peperisset,
2089 2872 2166 2896 eum

1132 2915 1251 2946 Nicaeae
1264 2913 1433 2954 elephanto
1447 2935 1456 2951 ,
1485 2911 1594 2952 lingua
1619 2913 1712 2942 utens
1729 2909 1842 2942 Indica
1857 2933 1866 2949 ,
1889 2918 1987 2950 quam
2004 2910 2166 2951 elephanti

1105 2967 1110 2980 ¹
1132 2961 1338 3001 intelligunt,
1355 2958 1607 2991 commendavit.
1626 2959 1657 2989 Is
1673 2960 1780 2989 autem
1798 2957 1970 2998 puerulum
1991 2957 2162 2998 diligebat,

1132 3010 1165 3040 et
1182 3007 1399 3045 custodiebat,
1417 3015 1458 3038 ex
1471 3013 1574 3045 eoque
1587 3003 1734 3045 proxime
1750 3004 1916 3045 adJacente
1931 3013 2079 3045 magnam
2105 3013 2163 3036 vo-

1131 3054 1286 3095 luptatem
1319 3052 1484 3093 capiebat;
1504 3060 1606 3092 quum
1633 3051 1790 3091 ploraret,
1817 3051 1929 3083 oculos
1954 3050 2163 3090 advertebat;

1130 3104 1201 3133 tum
1220 3109 1298 3132 vero
1313 3100 1354 3131 ab
1372 3108 1410 3131 eo
1426 3099 1605 3131 dormiente
1626 3107 1754 3130 muscas
1770 3098 1938 3139 abigebat,
1971 3098 2164 3140 proboscide

1131 3148 1293 3180 ventilans
1309 3146 1479 3178 arundinis
1496 3154 1621 3177 ramum
1638 3154 1679 3177 ex
1693 3145 1758 3178 illis
1774 3146 1830 3186 qui
1846 3155 1905 3187 pro
1920 3145 2040 3187 pabulo
2059 3145 2088 3178 ei
2110 3146 2164 3178 ob·

1131 3194 1338 3235 jiciebanlur3
1358 3202 1487 3225 omnem
1514 3202 1592 3224 vero
1608 3192 1738 3233 cibum,
1755 3192 1819 3225 nisi
1835 3202 1915 3234 puer
1930 3193 2074 3233 adesset,
2093 3193 2161 3233 reji-

1131 3241 1247 3273 ciebat.
1269 3240 1384 3273 Nutrix
1402 3240 1498 3280 igitur
1517 3248 1650 3272 necesse
1681 3239 1820 3272 habebat
1832 3263 1841 3279 ‚
1858 3243 2070 3282 posteaquam
2085 3248 2161 3272 eum

1131 3289 1212 3320 lacte
1241 3286 1470 3327 complevisset
1483 3309 1492 3326 ,
1521 3286 1691 3328 elephanto
1723 3287 1864 3319 curatori
1897 3295 2056 3329 apponere
2071 3296 2080 3326 ;
2109 3286 2160 3318 sin

1130 3336 1238 3366 autem
1253 3357 1262 3372 ,
1291 3334 1483 3374 elephantus
1514 3333 1687 3366 manifesta
1705 3333 1870 3366 iracundia
1884 3333 2101 3371 incitabatur,
2122 3341 2161 3363 ac

1131 3389 1365 3421 nonnunquam
1381 3380 1427 3412 ita
1441 3405 1449 3419 ,
1472 3382 1508 3411 ut
1522 3381 1621 3412 etiam
1644 3381 1718 3412 mali
1736 3380 1857 3422 aliquid
1875 3380 1988 3412 minari
2004 3381 2036 3412 et
2052 3379 2160 3411 moliri
