2320 3684
161 192 235 225 206

158 272 218 310 καὶ
239 272 385 324 ῥηθηναι
409 271 588 323 (Timaeus
608 283 658 307 sc.
682 269 802 323 φησί),
822 269 876 309 ὅτι
897 270 955 309 τὸν
975 269 1182 323 βουλόμενον

158 331 194 369 ἐν
212 329 366 383 Συὸάρει
387 327 436 380 μὴ
455 327 522 381 πρὸ
545 327 665 382 μοίρας
690 329 889 376 ἀποθανεῖν,
914 328 992 368 οὔτε
1018 329 1182 384 δυόμενον

158 387 236 427 οὔτε
253 387 443 440 ἀνίσχοντα
456 386 515 424 τὸν
530 385 627 432 ἥλιον
643 388 727 458 ὃρᾷν
748 386 809 424 δεῖ.
836 384 883 426 F
883 389 1035 460 mpxkow
1043 386 1081 426 δέ
1098 404 1183 428 ποτε

157 447 216 486 καὶ
243 449 289 490 εἷς
313 449 389 484 θεοῦ
413 444 492 488 τους
518 443 777 497 χρησομένους,
804 448 852 483 ὧν
881 448 922 492 ἠν
956 450 1003 491 εἰς
1020 445 1181 500 Ἄμυρις,

156 505 407 556 πυνθανόμενοι
425 502 531 558 μέχρι
549 501 638 547 τίνος
655 503 956 555 εὐδαιμονήσουσι.
967 505 1039 546 Καὶ
1058 509 1081 554 ἡ
1101 508 1181 547 Πυ-

156 563 244 603 Oia*
225 579 290 617 εφη
300 578 309 587 ·

279 625 444 666 Εὐδαίμων
467 625 645 668 [Συὸαρῖτα,
659 626 889 668 πανευδαίμων]
912 627 951 659 σὺ
969 628 1022 669 μὲν
1039 629 1099 660 αἰεὶ

281 673 311 704 ἐν
324 673 465 714 θαλίῃσιν
480 673 536 714 ἔσῃ
548 696 558 712 ,
577 676 676 712 τιμῶν
693 674 778 714 γένος
795 674 860 706 αἰὲν
878 673 1000 705 ἐόντων.

280 719 354 751 Εὗτ’
371 719 408 750 ἂν
426 720 462 758 δὴ
480 720 626 762 πρότερον
648 720 756 758 θνητὸν
779 721 848 752 θεοῦ
865 721 960 763 ἄνδρα
977 721 1137 763 σεὸίσσῃς,

279 766 389 804 τηνίκα
403 777 452 798 σοι
470 766 604 808 πόλεμός
621 778 655 798 τε
672 769 725 799 καὶ
741 767 883 809 ἐμφύλιος
901 767 1007 805 στάσις
1024 769 1098 806 ἥξει.

155 824 300 864 Τούτων
329 823 557 873 ἀκούσαντες,
587 823 705 870 ἔδοξαν
735 825 848 877 λέγειν
875 828 990 870 αὐτοῖς
1014 826 1072 865 τὸν
1092 826 1180 874 θεὸν,

156 885 202 926 ὡς
239 881 403 920 οὐδέποτε
436 882 630 921 παύσαιντο
668 886 885 938 τρυφῶντες·
921 883 1084 923 οὐδέποτε
1115 884 1181 938 γὰρ

154 941 317 992 τιμήσειν
340 941 519 995 ἄνθρωπον
545 943 678 993 μᾶλλον
699 945 790 981 θεοῦ.
812 941 965 994 Ἔγένετ’
985 947 1045 981 οὐν
1066 946 1183 986 αυτοῖς

154 1003 216 1047 τῆς
234 999 344 1052 τύχης
358 1002 380 1046 ἡ
399 999 599 1051 μεταὸολὴ,
616 1001 692 1040 ἐπεί
713 1017 765 1044 τις
783 1003 925 1040 οἰκετῶν
953 1018 1030 1041 τινα
1050 1017 1180 1053 μαστι-

154 1060 237 1109 γῶν,
256 1057 315 1096 καὶ
335 1061 455 1096 τοῦτον
472 1058 717 1112 καταφυγόντα
736 1061 782 1103 εἷς
800 1058 844 1098 τὰ
869 1059 944 1113 ἱερὰ
969 1060 1074 1098 πάλιν
1096 1061 1184 1110 ἔμα-

155 1116 294 1168 στίγου·
309 1119 355 1161 ὡς
378 1116 414 1155 δὲ
439 1116 478 1156 τὸ
496 1119 692 1157 τελευταῖον
721 1118 937 1172 κατέδραμεν
968 1118 1025 1156 ἐπὶ
1057 1118 1100 1156 τὰ
1122 1122 1182 1157 τοῦ

154 1175 285 1229 πατρὸς
299 1178 404 1214 αὐτοῦ
420 1176 606 1228 μνήματα,
627 1179 758 1230 ἀφῆκεν
786 1177 962 1220 αἰδεσθείς.
981 1176 1183 1221 Ἐξαναλώ-

155 1237 264 1281 θησαν
285 1233 322 1272 δὲ
339 1234 625 1288 φιλοτιμούμενοι
640 1235 726 1289 πρὸς
743 1234 884 1279 ἑαυτους
899 1241 1053 1290 τρυφαῖς.
1071 1235 1142 1274 Καὶ
1161 1239 1183 1282 ἡ

155 1292 255 1336 πόλις
272 1291 308 1330 δὲ
329 1292 416 1347 πρὸς
432 1293 572 1338 ἁπάσας
599 1292 660 1337 τὰς
680 1293 789 1338 ἄλλας
804 1296 980 1345 ἡμιλλᾶτο
1002 1309 1082 1347 περι
1098 1309 1185 1346 τρυ-

154 1367 231 1405 φης.
260 1345 350 1391 Εἶτα
378 1352 453 1403 μετ’
481 1354 520 1391 οὐ
547 1351 637 1391 πολυ
660 1351 850 1405 γινομένων
883 1354 997 1395 αὐτοῖς
1030 1351 1184 1402 σημείων

157 1412 293 1449 πολλῶν
311 1411 370 1449 καὶ
386 1413 464 1460 (τῆς
484 1411 647 1450 Casaub.
650 1411 664 1463 )
682 1411 875 1457 ἀπωλείας,
891 1427 971 1464 περι
983 1414 1025 1457 ἧς
1047 1415 1106 1449 νῦν
1123 1412 1187 1448 οὐκ

154 1469 204 1508 ἔτ’
227 1470 357 1522 ἐπείγει
377 1469 504 1522 λέγειν,
525 1469 772 1524 διεφθάρησαν.

637 1529 699 1566 61.

207 1586 372 1635 Idem1‚
388 1588 452 1636 25,
470 1602 508 1639 p.
526 1589 588 1635 34,
598 1592 649 1626 C:
669 1587 802 1626 Πολλοὶ
821 1588 867 1630 εἷς
883 1586 943 1631 τὰς
962 1601 1187 1625 κατασκευα-

153 1643 235 1694 ζομέ
243 1661 298 1688 ιας
318 1645 532 1696 ἀμεθύστους
553 1646 867 1700 προσλαμὸοίνουσι
890 1645 930 1684 τὸ
949 1649 1010 1692 τῆς
1026 1644 1188 1700 κράμὸης

155 1718 219 1744 σπε
205 1719 307 1756 ερμα.
324 1704 430 1744 Καὶ’
416 1720 450 1742 εν
465 1707 494 1758 ᾡ
516 1703 545 1741 δ’
564 1703 605 1743 ἂν
626 1706 722 1756 ἀμπε
707 1706 809 1743 ελῶνι
829 1703 988 1757 κράμὸαι
1013 1704 1187 1757 φύωνται,

153 1761 390 1816 ἀμαυρότερος
405 1766 423 1801 ὁ
440 1766 528 1806 οἰνος
544 1764 689 1829 γίνεται.
709 1764 774 1802 Διὸ
787 1763 846 1802 καὶ
865 1762 1083 1816 Συὸαρῖται,
1101 1777 1188 1815 φησι

153 1821 324 1872 Τίμαιος,
345 1821 413 1875 πρὸ
431 1826 492 1860 τοῦ
514 1823 626 1860 πίνειν
641 1822 806 1875 κράμὸας
823 1822 955 1869 ἤσθιον.

207 1939 314 1976 Idem
335 1941 438 1986 XII,
465 1940 501 1984 5,
523 1953 560 1990 p.
587 1940 678 1987 523,
705 1943 761 1977 D:
781 1937 855 1978 Καὶ
876 1941 906 1977 οἱ
933 1937 997 1985 τὴν
1025 1940 1123 1992 Σίριν
1151 1936 1187 1975 δὲ

152 2085 257 2125 mina,
282 2086 378 2125 atque
399 2086 497 2118 etiam
519 2093 669 2116 caussam
690 2093 780 2125 csse,
802 2094 862 2117 cur
883 2085 980 2125 vulgo
999 2084 1184 2123 dictitetur,

153 2134 214 2173 qui
230 2131 348 2171 Sybari
362 2140 429 2163 non
445 2133 527 2164 ante
532 2131 690 2171 fatalem
705 2131 797 2164 diem
809 2133 898 2164 mori
917 2133 1012 2168 velit,
1031 2139 1109 2163 eum
1125 2139 1186 2163 nec

152 2179 359 2211 occidentem
372 2179 480 2211 Solem
491 2178 610 2211 debere
623 2179 748 2216 videre,
765 2188 826 2212 nec
838 2181 1014 2212 orientem.
1028 2179 1185 2211 Miseraut

156 2235 231 2257 vero
244 2225 416 2266 aliquando
429 2226 596 2258 oraculum
613 2227 831 2266 consulturos,
845 2235 984 2268 quoium
1001 2226 1035 2258 in
1047 2233 1184 2258 numero

157 2273 283 2313 Amyris
305 2273 411 2304 fuerat
425 2297 434 2311 ‚
457 2273 513 2313 qui
529 2275 709 2314 quaererent
731 2283 828 2314 quam
851 2273 905 2305 diu
926 2273 1081 2306 duratura
1099 2275 1184 2305 esset

158 2320 283 2352 illorum
297 2319 443 2351 felicitas.
462 2320 588 2357 Quibus
605 2321 720 2361 Pythia
734 2321 902 2362 respondit
918 2331 926 2352 ε

258 2379 357 2418 Felix,
375 2378 501 2408 omnino
518 2379 606 2418 felix,
623 2380 778 2418 Sybarita,
795 2380 934 2420 futurus,

260 2425 334 2455 dum
350 2426 444 2455 rebus
459 2426 536 2455 laetis
551 2427 740 2456 venerabere
755 2427 883 2456 numina
901 2426 1017 2456 divstm.

259 2474 302 2504 At
317 2472 515 2512 simulatque
528 2473 589 2502 iilis
603 2474 741 2503 mortalis
757 2475 851 2503 homo
866 2473 1077 2512 anteferatur,

259 2526 326 2549 tum
338 2521 440 2550 veniet
458 2519 572 2548 bellum
586 2530 698 2549 saevum
713 2527 806 2560 atque
821 2521 989 2550 domestica
1006 2521 1109 2550 turba.

155 2574 227 2610 Quo
242 2573 376 2613 accepto
397 2580 553 2613 responso
578 2572 808 2605 existimabant
835 2573 906 2608 illi,
925 2573 1030 2605 dicere
1058 2574 1162 2605 Deum
1174 2595 1184 2612 ,

157 2628 337 2660 numquam
355 2619 443 2660 ipsos
459 2619 621 2651 desituros
637 2619 671 2651 in
687 2619 910 2660 voluptatibus
932 2620 1043 2652 vivere
1061 2629 1069 2651 :
1091 2629 1184 2651 num-

156 2674 256 2706 quam
273 2665 391 2706 quippe
407 2666 551 2697 futurum
566 2689 575 2705 ,
599 2668 636 2697 ut
662 2666 827 2698 hominem
848 2666 949 2707 magis
972 2675 1070 2708 quam
1085 2667 1183 2698 deum

161 2714 329 2745 honorent.
345 2713 462 2746 Evenit
478 2714 588 2745 autem
603 2713 666 2746 illis
683 2722 790 2746 rerum
809 2715 840 2746 et
853 2714 992 2746 fortunae
1008 2716 1185 2746 commuta-

158 2760 212 2799 tio,
226 2762 398 2802 postquam
412 2760 529 2801 aliquis
542 2769 671 2794 servum
685 2760 762 2793 loris
772 2770 905 2800 caesum,
915 2770 1018 2802 quum
1027 2761 1056 2793 is
1068 2761 1185 2794 addec-

158 2816 230 2839 rum
248 2816 336 2838 aram
353 2807 564 2848 confugisset,
585 2817 698 2840 rursus
720 2808 895 2848 ceciderat,
915 2808 1065 2840 eumdem
1085 2817 1183 2848 vero,

157 2864 257 2896 quum
268 2858 430 2896 postremo
440 2856 480 2888 ad
490 2856 591 2898 patris
604 2856 672 2889 heri
681 2856 863 2897 sepulcrum
874 2857 1081 2898 confugisset,
1096 2856 1184 2888 dimi-

158 2904 243 2934 serat
257 2911 413 2935 venerans
422 2904 484 2936 loci
497 2904 692 2944 religionem.
710 2905 877 2937 Exhausta
889 2906 938 2936 est
948 2907 1056 2936 autem
1070 2912 1183 2936 eorum

158 2949 341 2989 opulentia,
373 2949 514 2983 invicem
543 2952 786 2992 aemulantium,
819 2951 892 2992 quis
914 2951 1043 2983 luxuria
1058 2951 1183 2992 praecel-

159 2994 256 3026 leret
251 3008 255 3013 ·
271 2998 367 3036 atque
383 2997 478 3029 etiam
494 2998 622 3039 publice
637 2999 752 3032 civitas
768 3008 844 3031 cum
859 2998 930 3031 aliis
945 2998 1096 3031 omnibus
1110 2998 1184 3030 civi-

160 3043 205 3072 tat
208 3042 280 3073 ibus
297 3043 336 3074 de
352 3043 431 3076 luxu
447 3045 617 3078 ambitiose
632 3046 855 3078 contendebat.
874 3046 1018 3087 Denique
1036 3044 1123 3077 haud
1139 3044 1184 3076 ita

160 3087 262 3118 multo
275 3092 358 3128 post,
387 3099 488 3130 quum
511 3092 614 3123 multa
635 3092 733 3124 etiam
754 3093 801 3125 eis
819 3092 1008 3124 incidissent
1030 3091 1184 3135 praesagia

161 3133 261 3211 θκίῐιίἰ,
280 3136 318 3167 de
342 3146 407 3177 quo
426 3139 493 3178 jam
510 3139 668 3173 nihildum
685 3149 816 3172 necesse
837 3143 886 3172 est
901 3141 1018 3180 dicere,
1034 3139 1184 3172 exstincti

160 3188 221 3211 Slffl

199 3285 295 3317 Multi
322 3288 356 3318 in
372 3290 535 3329 remedia,
565 3242 702 3332 quaeozid
728 3293 968 3334 impediendam
997 3292 1183 3325 ebrietatem

951 186 1046 224 ΤΙΜ
1052 186 1116 224 AEl
1143 186 1477 227 FRAGMENTA.

1241 277 1498 322 κατοικοῦντες,
1517 274 1559 321 ἣν
1579 278 1711 328 πρῶτοι
1731 274 1902 328 κατέσχον
1921 277 1990 314 οῖ’
1971 277 2041 315 απὸ
2062 277 2190 331 Τροίας
2204 279 2260 316 ἐλ-

1242 330 1414 377 θόντες,(
1404 330 1544 386 ύστερον
1568 333 1605 372 δὲ
1625 333 1841 386 Κολοφώνιοι
1862 335 1986 385 (codd.
2005 335 2071 374 δὲζ
2057 336 2124 374 υπὸ
2148 337 2262 375 Κολο-

1242 389 1397 442 φονίων),
1417 390 1462 436 ὥς
1481 407 1565 446 φησι
1582 392 1732 443 Τίμαιος
1755 393 1815 431 καὶ
1837 393 2095 446 Ἀριστοτέλης,
2114 395 2160 439 εἷς
2174 409 2262 446 τρυ-

1242 445 1307 498 φὴν
1327 446 1511 494 ἐξώκειλαν
1531 451 1595 503 οὐχ
1607 455 1715 498 ἧσσον
1736 451 1953 504 Συὸαριτῶν.
1977 451 2048 491 Καὶ
2076 451 2144 505 γὰρ
2169 451 2262 498 ἰδίως

1241 506 1326 560 παρ’
1344 508 1459 552 αὐτοῖς
1477 509 1696 563 επεχωρίασε
1709 516 1823 563 φορεῖν
1841 509 1996 553 ἀνθινους
2017 512 2188 563 χιτῶνας,
2205 507 2262 553 οὓς

1241 565 1428 610 ἕζωννύντο
1460 566 1598 620 μίτραις
1630 570 1857 606 πολυτελέσι·
1893 569 1951 606 καὶ
1983 570 2170 607 ἐκαλοῦντο
2205 567 2263 606 διὰ

1239 627 1341 662 τοῦτο
1356 624 1422 663 ὑπὸ
1438 627 1506 664 τῶν
1523 626 1707 679 περιοίκων
1727 626 1993 680 μιτροχίτωνες,
2011 626 2085 666 ἐπεὶ
2101 625 2264 680 Ὅμηρος

1239 681 1317 726 τοὺς
1345 682 1517 728 ἀζώστους
1543 685 1823 739 ἀμιτροχίτωνας
1854 687 1964 724 καλεῖ.
2054 685 2262 737 Ὠνομάσθη

1241 740 1277 779 δὲ
1296 745 1318 788 ἡ
1334 740 1452 795 Σίρις,
1469 745 1516 787 ὡς
1533 742 1596 794 μὲν
1621 743 1771 794 Τίμαιός
1793 760 1901 797 φησι,
1924 745 1983 782 καὶ
2012 743 2203 798 Εὐριπίδης
2227 745 2263 782 ἐν

1241 799 1439 850 Δεσμώτιδι
1455 801 1477 847 ἢ
1502 802 1712 854 Μελανίππῃ
1723 833 1733 851 ,
1753 803 1821 841 ἀπὸ
1833 802 1994 854 γυναικός
2012 819 2102 846 τινος
2115 803 2262 856 Σίριδος·

1240 859 1286 901 ὡς
1308 858 1337 896 δ’
1352 859 1554 912 Ἀρχίλοχος
1565 891 1575 908 ,
1596 860 1665 898 ἀπὸ
1678 865 1851 912 ποταμοῦ.

1723 931 1786 968 63.

1293 994 1418 1043 Antig.
1445 996 1591 1043 Caryst.
1612 995 1756 1032 Histor.
1787 995 1923 1032 mirab.
1945 1009 1977 1032 c.
2002 1001 2095 1044 149:
2112 993 2265 1046 Τίμαιον

1240 1054 1309 1090 τῶν
1334 1053 1368 1090 ἐν
1394 1051 1528 1106 Ἰταλίᾳ
1559 1055 1728 1104 ποταμῶν
1751 1055 1900 1106 ἱστορεῖν
1931 1055 2062 1106 Κρᾶθιν
2101 1051 2265 1098 ξανθίζειν

1240 1110 1300 1154 τὰς
1325 1110 1458 1164 τρίχας.

1294 1169 1438 1207 Eadem
1456 1169 1575 1207 habet
1590 1170 1920 1208 Pseudo-Aristot.
1940 1171 1965 1208 l.
1981 1171 2005 1208 l.
2020 1184 2052 1208 c.
2072 1171 2166 1217 183,
2186 1170 2268 1208 sine

1243 1228 1410 1265 auctoris
1435 1228 1585 1265 notitia.
1611 1229 1666 1267 Cf.
1686 1232 1813 1266 Tzetz.
1830 1228 2098 1280 ad‘Lycophr.
2126 1241 2239 1266 102¹.

1727 1292 1789 1330 64.

1297 1349 1403 1386 Idem
1429 1363 1460 1386 c.
1497 1363 1510 1385 1
1535 1365 1542 1386 :
1563 1349 1732 1400 Τίμαιος,
1753 1353 1772 1388 ὃ
1795 1347 1855 1392 τὰς
1887 1348 2073 1393 Σικελικὰς
2117 1349 2269 1403 ἱστορίας

1245 1405 1514 1460 συγγεγραφὼς,
1531 1407 1566 1445 έν
1587 1406 1722 1460 Ῥηγίῳ
1740 1406 1826 1460 φησὶ
1845 1406 1924 1450 τοὺς
1941 1406 2098 1460 Λοκροὺς
2113 1407 2171 1446 καὶ
2191 1406 2270 1452 τοὺς

1245 1465 1426 1517 Ρηγίνους
1441 1465 1609 1519 ὁρίζοντος
1621 1465 1770 1513 ρΆληκος
1782 1465 1998 1517 καλουμένου
2011 1470 2187 1517 ποταμοῦ,
2199 1469 2265 1504 τῶν

1245 1524 1408 1577 τεττίγων
1433 1524 1510 1569 τοὺς
1531 1524 1593 1576 μὲν
1615 1526 1650 1563 ἐν
1675 1527 1832 1578 Λοκρικῇ
1859 1524 1970 1578 ᾅδειν·
2000 1524 2079 1569 τοὺς
2102 1524 2138 1562 δὲ
2163 1526 2199 1563 ἐν
2225 1527 2277 1577 τῇ·

1245 1583 1418 1635 Ῥηγίνων
1439 1583 1593 1637 ἀφώνους
1612 1578 1711 1622 εἶναι.
1729 1583 1880 1635 Λέγεται
1899 1582 1936 1622 δέ
1951 1599 1985 1622 τι
2002 1582 2124 1622 τούτου
2149 1586 2267 1634 μυθω-

1246 1642 1403 1696 δέστερον
1421 1658 1428 1665 ·
1450 1641 1670 1696 ἀφικομένων
1697 1641 1763 1695 γὰρ
1793 1644 1841 1686 εἷς
1871 1642 2026 1695 Δελφοὺς
2053 1643 2272 1695 κιθαρῳδῶν,

1250 1700 1457 1754 Ἀρίστωνος
1481 1700 1542 1751 μὲν
1562 1703 1601 1739 ἐκ
1619 1701 1782 1752 Ῥηγίου,
1799 1700 1896 1754 παρὰ
1921 1700 1958 1739 δὲ
1985 1703 2132 1754 Λοκρῶν
2158 1699 2266 1740 Εὐνό-

1247 1776 1331 1811 μου,
1348 1759 1407 1798 καὶ
1425 1759 1504 1813 περὶ
1518 1763 1578 1798 τοῦ
1597 1759 1727 1813 κλήρου
1746 1759 1831 1813 πρὸς
1848 1759 1990 1803 ἑαυτοὺς
2009 1761 2055 1803 εἷς
2074 1759 2270 1810 ἀντιλογίαν

1246 1817 1428 1866 ἐλθόντων,
1445 1821 1463 1856 ὃ
1489 1816 1550 1869 μὲν
1573 1819 1635 1856 οὐκ
1653 1817 1741 1871 ᾤετο
1758 1818 1827 1855 δεῖν
1848 1819 2095 1868 ἐλαττοῦσθαι,
2114 1820 2176 1864 τῆς
2190 1817 2269 1865 ὅλης

1246 1877 1419 1929 Ῥηγίνων
1443 1877 1604 1920 ἀποικίας
1623 1878 1663 1915 ἐκ
1681 1878 1840 1930 Δελφῶν,
1863 1877 1922 1914 καὶ
1953 1877 2051 1930 παρὰ
2085 1879 2146 1914 τοῦ
2175 1879 2268 1926 θεοῦ,

1248 1934 1500 1988 γεγενημένης·
1528 1939 1547 1974 ὁ
1573 1935 1610 1974 δὲ
1628 1935 1852 1989 κατέτρεχεν,
1875 1934 1929 1974 ὅτι
1948 1935 1989 1974 τὸ
2003 1934 2172 1989 παράπαν
2194 1935 2269 1974 οὐδὲ
2318 1951 2320 1954 ·

1245 2081 1536 2160 ήιιωῦιιιῐΤίωεευε
1549 2081 1656 2122 refert,
1676 2083 1749 2114 ante
1772 2082 1888 2122 potum
1905 2081 2083 2115 brassicam
2104 2083 2268 2118 comedere

1243 2138 1280 2162 so
1293 2137 1311 2160 e
1335 2137 1375 2160 an
1393 2152 1400 2159 .

1722 2194 1784 2226 62.

1286 2253 1386 2283 Porro
1404 2251 1461 2292 qui
1478 2250 1540 2283 Siri
1554 2251 1715 2291 habitant,
1735 2259 1834 2292 quam
1846 2252 2016 2284 tenuerant
2035 2251 2196 2293 primum,
2211 2252 2273 2294 qni⁴

1243 2307 1261 2331 e
1281 2299 1376 2339 Troja
1391 2307 1518 2337 venere,
1537 2298 1652 2330 deinde
1668 2297 1871 2338 Colophonii,
1887 2300 1922 2330 ut
1936 2298 1983 2331 ait
1994 2298 2136 2332 Timaeus
2150 2301 2182 2331 et
2202 2299 2276 2333 Ari-⁴
2300 2307 2320 2340 449

1243 2346 1396 2385 stoteles,
1413 2345 1447 2377 in
1471 2345 1635 2378 luxuriam
1653 2345 1886 2385 mollitiemque
1902 2344 2043 2386 prolapsi
2064 2347 2141 2379 sunt
2164 2344 2276 2381 nihilo

1242 2393 1400 2424 minorem
1417 2401 1516 2434 quam
1536 2401 1611 2433 quae
1627 2393 1696 2424 erat
1718 2391 1949 2433 Sybaritarum.
1974 2391 2069 2433 Apud
2090 2391 2165 2425 illos
2180 2392 2274 2426 enim
2296 2388 2320 2449 {ij

1242 2439 1391 2480 proprius
1401 2440 1482 2480 patr
1474 2448 1589 2480 iusque
1601 2447 1672 2471 mos
1686 2439 1759 2478 fuit,
1773 2439 1904 2472 floridas
1917 2439 2040 2480 gestare
2050 2439 2192 2479 tunicas,
2204 2447 2270 2480 pre-
2300 2458 2320 2491 γ

1242 2487 1334 2518 tiosis
1351 2487 1461 2519 fasciis
1485 2487 1653 2528 mittisque
1668 2487 1879 2528 praecinctas:
1897 2495 1996 2527 quare
2017 2495 2037 2518 a
2052 2485 2199 2523 finitimis
2212 2485 2294 2519 mi
2302 2492 2320 2521 ζ

1240 2533 1438 2566 trochito'nes
1452 2534 1554 2574 (quasi
1564 2534 1672 2566 fasciis
1686 2533 1834 2574 tunicati)
1845 2532 2098 2574 appellabantur,
2113 2532 2307 2574 quoniam

1243 2579 1418 2612 discinctos
1438 2583 1598 2612 Homerus
1620 2580 1863 2622 ἀμιτροχίτωνας
1882 2581 1988 2612 vocat.
2010 2581 2133 2613 Nomen
2159 2581 2267 2618 autem
2309 2582 2320 2591 ⁴·

1242 2627 1338 2659 habet
1352 2627 1451 2667 Siris,
1469 2628 1507 2659 ut
1522 2627 1652 2668 quidem
1669 2627 1811 2658 Timaeus
1827 2626 1892 2666 ait,
1905 2627 1938 2659 et
1949 2626 2120 2670 Euripides
2145 2626 2180 2661 in
2209 2629 2292 2664 Gar
2308 2630 2320 2674 ᾖ

1242 2676 1332 2714 ptiva
1347 2674 1398 2706 vel
1414 2674 1604 2714 Melanippe,
1614 2682 1633 2704 a
1651 2674 1786 2705 muliere
1800 2673 1966 2714 quadam,
1983 2672 2036 2706 oui
2051 2672 2131 2706 Siris
2146 2676 2285 2709 nomeu
2285 2686 2296 2694 »
2308 2678 2320 2706 .-

1242 2720 1367 2759 fuerat3
1381 2723 1419 2753 ut
1430 2723 1539 2753 autem
1554 2720 1778 2760 Archilochus,
1794 2729 1814 2752 a
1825 2720 1936 2752 fluvio.

1721 2788 1784 2820 63.

1277 2844 1424 2922 ἔᾶιηεευε
1438 2843 1518 2876 inter
1530 2843 1631 2876 Italiae
1646 2842 1762 2875 fluvios
1780 2843 1913 2875 Crathin
1926 2845 2034 2876 narrat
2048 2843 2152 2876 crines
2164 2839 2299 2902 Πενθεῖ,

1241 2899 1275 2923 re
1324 2899 1375 2922 ere

2265 2938 2294 2963 h»

1720 2954 1783 2986 64.

1282 3012 1435 3050 Timaeus,
1453 3011 1633 3043 Sicularum
1646 3010 1854 3042 historiarum
1868 3009 2016 3050 scriptor,
2031 3011 2150 3050 narrat,
2162 3018 2207 3051 qu

1240 3059 1415 3090 Locrorum
1436 3059 1533 3098 atque
1551 3057 1767 3097 Rheginorum
1790 3065 1863 3096 ager
1879 3055 1974 3087 Alece
1995 3055 2095 3087 fluvio
2111 3011 2302 3101 dividemur}

1240 3107 1306 3144 tur,
1321 3104 1469 3136 cicadas
1460 3113 1492 3135 ln
1509 3103 1643 3135 Locrico
1661 3103 1792 3144 quidem
1809 3110 1933 3143 canere,
1948 3102 1982 3133 in
1998 3102 2141 3143 Rhegino
2155 3080 2297 3143 autam?

1241 3155 1348 3183 mutas
1369 3159 1449 3183 esse.
1469 3151 1624 3182 Narratur
1647 3158 1724 3182 vero
1745 3149 1833 3181 aliud
1855 3149 1964 3181 minus
1983 3149 2082 3180 etiam
2101 3147 2291 3198 credibile-g

1241 3198 1370 3231 Etenim
1389 3206 1491 3238 quum
1511 3199 1642 3229 Ariston
1656 3197 1794 3237 Rhegio‚
1811 3205 1830 3228 a
1846 3196 1956 3228 Locris
1971 3197 2078 3228 autem
2094 3194 2320 3237 Euam,

1241 3244 1409 3276 citharoedi
1424 3243 1564 3284 Delphos
1574 3243 1750 3283 venissent,
1768 3252 1805 3274 ac
1820 3252 1860 3275 ex
1870 3242 2063 3274 sortitione
2054 3251 2087 3274 1n
2102 3238 2295 3293 certamQ'ffi

1241 3290 1401 3329 venirent,
1426 3290 1481 3321 ille
1497 3289 1628 3330 quidem
1649 3289 1775 3330 putavit
1796 3298 1861 3320 nou
1878 3288 1994 3320 debere
2007 3296 2042 3320 se
2063 3287 2170 3327 vinci,
2186 3291 2289 3334 Q

2263 2932 2306 3057 W«

161 3335 364 3372 praeparant,
390 3334 540 3368 brassicae
557 3346 664 3370 semen
685 3340 886 3371 adsumunt:
905 3341 937 3371 et
958 3348 1023 3379 qua
1042 3339 1075 3370 in
1091 3339 1185 3371 vinea
1241 3338 1329 3370 niam
1341 3339 1410 3371 tota
1427 3337 1643 3377 Rheginorum
1657 3336 1810 3368 coloniaa
1825 3336 1956 3377 Delphis
1965 3337 2062 3376 atque
2077 3333 2164 3366 adeo
2177 3327 2320 3389 οσεέμ

161 3376 303 3411 brassica
319 3381 470 3422 nascitur,
489 3383 522 3414 in
544 3392 580 3415 ea
596 3385 631 3416 fit
649 3386 760 3417 sinum
779 3386 905 3418 exilius.
922 3388 1028 3423 Quale
1042 3388 1073 3418 et
1090 3385 1185 3426 Syba-

1242 3385 1397 3427 profectae
1411 3385 1463 3417 hic
1475 3393 1552 3416 vero
1567 3386 1679 3416 contra
1693 3384 1844 3416 invectus
1859 3384 1920 3423 est,
1934 3383 2067 3415 omnino
2085 3389 2151 3413 non
2165 3377 2207 3412 ad
2216 3365 2285 3419 ⁶⁸⁹³?
