2320 3684
737 135 1073 177 APOLLODORI
1102 138 1435 179 FRAGMENTA.

429 229 581 268 LIBER
610 228 676 268 Vl.

92 341 370 394 Harpocration
387 354 424 379 v.
445 289 676 391 Ἀποσῗόμπᾶς
696 353 705 377 :
730 337 990 389 Ἀποπομπαῐοί
1013 355 1068 377 τι-

36 416 92 445 νες
119 402 307 439 ἐκαλοῦντο
332 398 420 447 θεοὶ,
446 397 527 453 περὶ
554 392 603 437 ὧν
626 395 883 450 Ἀπολλόδωρος
910 398 945 435 ἐν
974 396 1067 452 ἕκτῳ

34 459 114 514 περὶ
137 461 238 500 Θεῶν
258 457 457 498 διείλεκται.

423 574 579 615 LIBER
605 574 675 613 IX.

87 689 220 742 steph.
241 691 331 740 Byz.
354 702 362 725 :
385 686 520 741 Ἄρειος
534 634 664 738 τῗάγος·
685 686 904 739 ἀκρωτηριον
914 683 1068 733 Ἀθήνη-

33 762 108 798 σιν,
131 749 177 792 ὡς
201 746 459 801 Ἀπολλόδωρος
478 746 513 784 ἐν
538 747 588 798 τῷ
614 744 696 799 περὶ
723 746 825 784 Θεῶν
854 743 1006 797 ε’ννάτῳ,
1031 745 1066 783 ἓν

33 799 63 860 ᾧ
89 805 154 852 τὰς
178 804 320 862 φονικὰς
337 805 467 860 κρίσεις
495 804 651 850 ἐδίκαζον
676 802 734 842 διὰ
749 801 811 847 τὰς
835 801 906 841 ἀπὸ
926 806 987 842 τοῦ
1009 819 1068 841 σι·-

33 864 140 920 δήρου
157 864 364 919 γιγνομένας
382 862 595 919 μιαιφονίας.

406 980 558 1017 LIBER
584 978 690 1015 XIV.

87 1090 262 1129 Macrob.
284 1092 362 1130 Sat.
381 1093 413 1134 1,
435 1102 494 1138 17,
511 1103 552 1141 p.
575 1102 676 1139 297:
695 1088 941 1137 Apollodorus
959 1090 995 1123 in
1017 1088 1067 1123 Ιί-

35 1149 98 1188 bm
117 1152 386 1200 quartodecimo
408 1147 490 1202 περὶ
500 1149 617 1197 Θεῶν,
636 1146 725 1195 ἷήϊον
744 1149 858 1184 solem
875 1145 1000 1183 scribit
1017 1149 1068 1183 ita

34 1212 225 1259 appellari
259 1212 471 1259 Apollinem
515 1205 586 1245 ἀπὸ
619 1208 680 1244 τοῦ
713 1203 804 1243 κατὰ
843 1203 901 1242 τὸν
935 1202 1067 1255 κόσμον

32 1267 148 1306 ἱέσθαι
164 1267 224 1307 καὶ
245 1266 335 1307 ἱέναι
355 1267 396 1321 (f.
413 1266 531 1317 ἰέναι),
551 1268 652 1316 quod
672 1268 728 1303 sol
745 1278 823 1314 per
843 1263 966 1301 orbem
997 1267 1069 1300 im—

31 1336 121 1370 peta
131 1327 272 1376 fertur.

85 1387 147 1426 Ad
160 1389 324 1426 eundem
345 1386 490 1425 librum
502 1384 584 1424 sine
598 1382 719 1421 dubio
745 1381 917 1434 respexit
933 1388 1070 1418 auctor

31 1445 152 1484 libelli
191 1446 239 1484 de
271 1445 476 1497 Allegoriis
515 1443 733 1483 Homericis
765 1456 785 1490 7
814 1457 823 1480 :
861 1448 1068 1492 postquam

33 1505 183 1543 dixerat
193 1506 412 1557 Apollinem
431 1505 526 1542 nihil
547 1517 568 1541 a
581 1503 662 1542 sole
680 1502 836 1540 differre
848 1531 859 1550 ,
878 1499 945 1538 sed
966 1499 1070 1537 idem

33 1577 177 1602 numen
207 1564 364 1602 duobus
396 1562 619 1601 nominibus
651 1561 800 1608 ornari,
829 1559 946 1610 idque
985 1567 1067 1596 tum

33 1635 82 1661 ex
98 1627 279 1675 μυστικοῖς
296 1621 411 1675 λόγοις
430 1629 607 1660 constare
627 1628 710 1658 tum
735 1633 758 1657 a
776 1618 925 1669 vulgari
945 1617 1064 1666 dicto,

32 1679 159 1726 Ἥλιος
175 1680 375 1732 Ἀπόλλων,
400 1683 419 1720 ὁ
447 1679 485 1719 δέ
506 1695 546 1732 γε
560 1677 738 1718 Ἀπόλλων
769 1676 887 1726 ἥλιος,
910 1676 1039 1728 pergit
1058 1690 1068 1713 z

34 1739 255 1795 Ἢκρίὸωται
277 1740 307 1779 δ’
330 1743 353 1788 ἡ
373 1739 454 1793 περὶ
474 1738 608 1778 τούτων
632 1735 805 1782 ἀπόδειξις
821 1735 881 1775 καὶ
904 1735 1071 1774 Ἀπολλοα

34 1798 156 1854 δώρῳ,
183 1799 264 1853 περ),
293 1806 412 1840 πᾶσαν
440 1798 596 1853 ἱστορίαν
633 1796 732 1851 ἀνδρὶ
752 1796 865 1848 δεινῷ.
889 1793 957 1834 Διὰ
976 1793 1070 1832 τοῦτ’

34 1857 146 1910 ἔγωγε
173 1858 237 1906 -ι-ὴν
267 1858 433 1898 ἔπιπλέον
462 1857 664 1912 ἐξεργασίαν
693 1854 754 1895 καὶ
782 1853 927 1909 ἀκαίρου
965 1852 1071 1905 λόγου

33 1917 193 1971 περιττὸν
221 1917 464 1972 ὑπερθήσομαι
489 1920 612 1969 μῆκος.

481 1992 628 2004 -οοο-

426 2031 579 2071 LIBER
606 2029 712 2070 XVI.

85 2146 220 2198 Steph.
240 2148 329 2196 Byz.
349 2158 388 2184 v.
408 2089 570 2197 Ἀρκάςὸε·
587 2138 847 2192 Ἀπολλόδωρος
866 2138 902 2176 ἐν
924 2137 975 2188 τῷ
988 2133 1070 2188 περὶ

425 2252 581 2292 LIBER
608 2251 677 2291 VI.

531 2319 553 2351 5

74 2373 126 2407 Dii
147 2372 282 2415 quidam
304 2370 485 2405 Averrunci
502 2342 716 2408 vocabantur,
736 2367 778 2400 de
795 2366 916 2407 quihus
939 2363 1069 2406 Apollo-

33 2422 134 2455 dorus
147 2421 183 2454 in
197 2420 279 2453 libro
295 2421 388 2452 sexto
403 2418 444 2451 de
457 2417 527 2450 Diis
541 2416 782 2450 commentatus
795 2415 857 2448 est.

424 2514 580 2554 LIBER
607 2513 677 2552 IX.

74 2631 280 2671 Areopagus,
310 2627 402 2661 collis
430 2627 465 2659 in
492 2580 573 2659 uriie
595 2625 815 2665 Athenarum,
837 2624 920 2657 teste
942 2622 1069 2665 Apollo·

34 2676 115 2710 doro
129 2676 212 2710 libro
227 2684 314 2709 nono
336 2675 377 2708 de
391 2675 462 2708 Diis
473 2698 482 2715 ,
497 2674 556 2707 ubi
571 2673 763 2706 sententiam
779 2672 895 2715 capitis
909 2671 951 2704 de
965 2671 1068 2703 homi-

33 2724 128 2758 cidiis
142 2723 227 2758 ferro
241 2722 434 2766 perpetratis
448 2720 713 2764 pronuntiabant.

408 2817 564 2910 LIBER
591 2816 697 2857 XIV.

77 2924 212 2967 Scripsit
242 2923 341 2957 etiam
365 2900 580 2965 Apollodonis
612 2921 921 2956 demonstrationem
952 2920 1085 2953 harum*

37 2980 145 3006 rerum
166 2970 410 3004 accuratissime
421 2995 432 3012 ,
468 2970 521 3002 vir
541 2970 575 3002 in
609 2969 727 3011 quovis
748 2968 933 3002 studiorum
954 2976 1069 3009 genere

35 3018 266 3060 gravissimum
297 3019 450 3059 quocirca
465 3027 524 3059 ego
538 3017 696 3060 prolixius
712 3017 766 3049 hic
783 3016 946 3048 immorari
962 3025 1000 3048 ac
1021 3016 1069 3048 in-

37 3067 251 3108 tempestivus
264 3074 336 3099 esse
351 3065 554 3108 supersedeo.

448 3125 666 3140 ’,σκο-

405 3161 562 3201 LIBER
588 3162 691 3204 XVI.

0 3308 1 3318 ¹
78 3265 293 3308 Apollodorus
312 3266 399 3299 libro
416 3221 554 3300 decimo8
561 3244 656 3300 sexto
668 3268 702 3300 in
718 3269 862 3301 Deorum
882 3268 1068 3309 Origlnlbus

37 3313 187 3354 perhibet
203 3314 372 3347 decerem
395 3324 403 3346 ε
451 3314 609 3348 Homines
622 3315 730 3348 cereri
755 3316 892 3349 Arcadia
914 3316 1069 3349 sacn'fica·

37 3363 166 3394 turos...
189 3370 265 3395 nam
280 3364 355 3404 post
374 3361 515 3404 primam
529 3362 682 3395 {rumenti
696 3363 852 3397 sationem
874 3363 1068 3396 sacrificium

2072 147 2149 181 429

1122 226 1223 264 Θεῶν
1246 224 1485 280 ἑκκαιδεκάτῳ
1503 225 1628 280 βιὸλίῳ
1645 226 1725 280 περὶ
1744 225 1933 279 Δήμητρός
1957 241 2076 279 φησιν,
2098 226 2152 265 ὅτι

1121 283 1288 337 Ἀρκάδια
1317 287 1362 338 τῇ
1392 285 1556 339 Δήμητρι
1591 284 1776 337 μέλλοντες
1806 283 1897 324 θύειν
1932 283 2152 339 ἄνθρωποι“

1121 341 1254 390 ταύτην
1273 342 1341 397 γὰρ
1363 342 1427 391 τὴν
1445 343 1566 383 θυσίαν
1586 342 1844 392 συνεστήσαντο
1865 341 1954 395 μετὰ
1970 342 2029 382 τὸν
2055 345 2154 398 πρῶ-

1120 416 1180 440 τον
1202 401 1346 456 σπόρον,
1375 401 1429 441 ὅτι
1453 404 1560 451 αὖτῆς
1582 404 1622 442 ἐκ
1650 405 1714 451 τῆς
1734 405 1798 456 γῆς
1820 401 1944 455 ἔμολεν
1973 405 1992 442 ὁ
2019 402 2154 457 καρπὸς

1122 461 1170 503 εἷς
1193 459 1324 513 τροφὴν
1344 461 1405 500 καὶ
1428 461 1572 516 σπόρον,
1597 462 1657 501 καὶ
1679 461 1770 501 οὕτω
1792 461 1838 501 τὰ
1862 461 2027 516 Ἀρκάδια
2049 464 2156 515 τιμῆς

1121 517 1238 572 χάριν.
1260 523 1386 558 Locus
1402 522 1559 560 mutilus
1579 537 1589 569 ;
1611 522 1784 573 Heynius
1800 521 2018 573 suspicatur
2034 523 2074 560 ἐκ
2092 523 2154 568 τῆς

1120 579 1184 628 γῆς
1203 576 1351 627 ταύτης,
1369 579 1392 616 i.
1407 593 1440 617 e.
1471 593 1520 618 ex
1535 580 1711 619 Arcadia.
1729 599 1744 614 «ι
1768 580 1991 619 Traduxere
2010 580 2156 619 scilicet

1121 637 1292 676 Arcades
1311 639 1460 677 Cereris
1480 639 1650 678 fabulam
1668 640 1715 679 ad
1732 654 1783 679 se.
1806 657 1822 675 ι)

1532 719 1744 734 ἧσο..-

1499 751 1653 846 ΙᾸΒΕὲ
1681 753 1806 792 XVII.

1177 867 1305 905 Schol.
1325 867 1509 919 Sophocl.
1534 868 1631 906 OEd.
1649 841 1733 907 bol.
1755 868 1828 906 502
1850 884 1859 907 ι
1886 868 1959 908 Καὶ
1983 868 2156 908 Ἀπολλό-

1123 926 1231 980 δωρος
1257 925 1294 965 δὲ
1314 927 1349 965 ἐν
1372 929 1416 979 τῇ
1442 925 1522 980 περὶ
1551 927 1653 966 Θεῶν
1685 928 1966 981 ἑπτακαιδεκάτῃ
1991 928 2072 983 περὶ
2095 931 2156 968 τοῦ

1121 987 1192 1025 τῶν
1210 985 1414 1039 Ἥσυχιδῶν
1436 983 1555 1037 γένους
1571 984 1633 1023 καὶ
1649 988 1711 1032 τῆς
1730 985 1857 1039 ἱερείας
1876 987 1974 1041 φησί.

1505 1105 1661 1146 LIBER
1690 1106 1777 1144 XX.

1620 1170 1679 1208 10.

1177 1233 1419 1285 Porphyrius
1437 1232 1543 1284 apud
1564 1232 1764 1271 Stobaeum
1790 1232 1868 1270 Ecl.
1888 1232 1998 1284 phys,
2020 1236 2040 1271 Ι
2054 1263 2065 1282 ,
2089 1233 2159 1282 52,

1125 1302 1215 1332 tom.
1227 1296 1266 1341 Ι,
1283 1307 1321 1344 p.
1344 1298 1440 1338 1004
1459 1292 1520 1330 ed.
1536 1295 1723 1331 Heeren.:
1743 1294 1817 1331 Τοῦ
1837 1290 1873 1330 δὲ
1892 1292 2158 1347 Ἀπολλοδώρου

1124 1354 1160 1391 ἐν
1179 1354 1230 1406 τῷ
1247 1353 1395 1405 εἰκοστῷ
1417 1350 1497 1405 περὶ
1522 1353 1592 1390 τῶν
1610 1352 1712 1391 Θεῶν
1743 1352 2017 1405 συγγράμματι,
2046 1352 2068 1390 δ’
2086 1355 2160 1391 ἐστι

1124 1410 1205 1465 περὶ
1232 1414 1292 1450 τοῦ
1311 1410 1430 1468 ᾍδου,
1457 1410 1541 1450 τάδε
1563 1410 1644 1465 περὶ
1666 1413 1729 1458 τῆς
1755 1410 1889 1463 Στυγὸς
1911 1410 2083 1462 λεγόμενα
2102 1410 2161 1449 εὕ-

1126 1485 1249 1525 ρομεν·
1268 1487 1283 1504 «
1402 1469 1547 1524 ἀρκτέον
1572 1469 1640 1523 γὰρ
1664 1469 1734 1508 ἀπὸ
1761 1469 1908 1518 τούτων,
1936 1472 1999 1517 τῆς
2023 1485 2062 1508 τε
2091 1472 2160 1509 τῶν

1125 1530 1307 1582 ὀνομάτων
1336 1528 1598 1584 παρεμφάσεως
1616 1530 1656 1568 οὖ
1681 1528 1974 1584 καταφρονητέον.
1998 1528 2067 1569 Ἐκ
2094 1529 2166 1582 γὰρ

1124 1588 1291 1629 τοιούτων
1314 1587 1514 1643 ὁρμώμενοι
1535 1586 1690 1631 πιθανῶς
1724 1587 1783 1627 καὶ
1803 1587 1884 1633 τοὺς
1906 1588 1942 1626 ἐν
1970 1587 2077 1645 ᾍδου
2101 1603 2160 1625 νο-

1126 1647 1331 1702 μιζομένους
1346 1646 1528 1699 ποταμοὺς
1546 1646 1860 1699 κατωνομάκασιν·
1882 1646 2072 1701 Ἀχέροντα
2097 1645 2161 1697 μὲν

1126 1708 1184 1747 διὰ
1200 1706 1246 1746 τὰ
1264 1707 1357 1760 ἄχη,
1375 1709 1422 1751 ὡς
1440 1706 1502 1745 καὶ
1519 1705 1792 1754 Μελανιππίδης
1809 1707 1844 1745 ἐν
1868 1704 2088 1760 Περσεφόνῃ.

1293 1785 1441 1816 Καλεῖται
1454 1784 1480 1815 δ’
1493 1784 1525 1815 ἐν
1540 1782 1687 1815 κόλποισι

1292 1831 1386 1868 Γαίας
1398 1831 1479 1873 ἄχεα
1493 1831 1636 1873 προχέων
1649 1830 1793 1873 Ἀχέρων.

1125 1889 1209 1932 Ἔτι
1225 1890 1286 1930 καὶ
1306 1888 1499 1941 Λικύμνιός
1516 1904 1620 1943 φησι·

1293 1961 1426 2004 Μυρίαις
1444 1962 1559 2001 παγαῖς

1292 2009 1435 2052 δακρύων
1451 2007 1584 2050 Ἀχέρων
1599 2005 1704 2047 ἀχέων
1719 2017 1753 2039 τε
1772 2006 1870 2050 βρύει.

1127 2075 1202 2115 Καὶ
1216 2074 1323 2114 πάλιν
1333 2090 1342 2098 ·

1294 2143 1427 2186 Ἀχέρων
1443 2142 1525 2184 ἄχεα
1540 2143 1678 2185 βροτοῖσι
1693 2141 1871 2184 πορθμεύει.

1127 2242 1209 2275 illud
1223 2241 1424 2281 decrevisse,
1441 2240 1518 2282 quia
1537 2249 1578 2273 ex
1597 2240 1658 2272 hac
1678 2241 1764 2272 terra
1778 2239 1903 2271 fructus
1921 2241 1954 2272 et
1968 2239 2010 2272 ad
2031 2239 2161 2272 alimen-

1126 2293 1198 2323 tum
1222 2292 1256 2322 et
1269 2289 1311 2321 ad
1333 2289 1491 2321 sationem
1516 2287 1713 2330 prodiisset:
1737 2287 1814 2320 inde
1839 2287 1910 2319 haec
1933 2287 2013 2321 festa
2025 2287 2161 2320 honoris

1126 2338 1228 2380 gratia
1249 2336 1387 2370 Arcadia
1408 2335 1485 2369 dici.

1492 2431 1649 2472 LIBER
1676 2432 1799 2473 XVII.

1168 2544 1385 2588 Apollodorus
1400 2543 1483 2576 libro
1507 2543 1549 2577 de
1566 2500 1652 2578 Diis9
1652 2522 1779 2578 decimo
1795 2543 1934 2585 septimo
1950 2542 1991 2575 de
2007 2540 2159 2583 Hesychi-

1127 2594 1243 2627 darum
1259 2592 1381 2626 familia
1395 2593 1428 2625 et
1443 2591 1623 2625 sacerdotio
1638 2592 1795 2634 loquitur.

1545 2649 1751 2664 *m*—

1513 2680 1667 2720 LIBER
1695 2680 1781 2719 XX.

1169 2797 1208 2828 In
1223 2794 1379 2827 vicesimo
1401 2791 1588 2834 Apollodori
1603 2790 1643 2823 de
1659 2790 1731 2823 Diis
1748 2789 1928 2830 volumine,
1944 2789 2031 2831 quod
2048 2788 2089 2821 de
2107 2791 2158 2822 In·

1128 2843 1206 2876 feris
1219 2841 1416 2880 inscribitur,
1440 2840 1511 2872 haec
1527 2839 1568 2872 de
1590 2840 1686 2879 Styge
1706 2838 1809 2879 reperi
1824 2847 1833 2869 z
1846 2850 1862 2865 «
1941 2837 1982 2869 ab
2004 2837 2053 2869 his
2070 2837 2157 2870 enim

1127 2889 1345 2932 incipiendum
1364 2890 1437 2927 est,
1453 2895 1513 2921 nec
1531 2886 1702 2918 nominum
1717 2884 1952 2917 contemnenda
1965 2884 2158 2926 explicatio;

1128 2939 1289 2980 siquidem
1311 2938 1374 2970 hac
1396 2936 1519 2969 ratione
1541 2935 1658 2967 fluvios
1680 2943 1810 2976 quoque
1833 2934 2015 2967 Inferorum
2038 2943 2160 2967 nuncu-

1127 2987 1262 3028 parunt,
1280 2985 1496 3018 Acherontem
1510 2983 1643 3024 quidem
1665 2992 1684 3015 a
1703 2981 1869 3015 doloribus
1887 2981 2021 3024 (ἄχεσιν)
2049 2990 2159 3023 quem·

1127 3035 1305 3069 admodum
1320 3033 1364 3066 ait
1380 3033 1413 3065 in
1430 3031 1622 3073 Proserpina
1636 3031 1870 3073 Melanippides
1889 3040 1897 3062 z

1272 3083 1375 3111 Terras
1389 3079 1422 3109 in
1441 3080 1559 3119 gremio
1576 3079 1676 3109 tristia
1692 3078 1827 3109 fundens

1275 3129 1412 3158 lamenta
1428 3127 1584 3158 Acheron.

1126 3178 1173 3208 Ac
1193 3174 1342 3208 similiter
1359 3173 1405 3205 ait
1425 3173 1613 3214 Licymnius
1630 3183 1638 3205 :

1273 3223 1386 3251 Fontes
1401 3221 1487 3250 mille

1273 3268 1335 3298 fert
1348 3267 1544 3299 lacrimarum
1554 3291 1564 3307 ‚
1580 3268 1665 3298 mille
1682 3267 1807 3300 dolores
1823 3267 1980 3298 Acheron.

1128 3317 1170 3349 Et
1184 3316 1301 3349 iterum
1318 3325 1327 3347 ε

1274 3363 1416 3393 Acheron
1431 3362 1556 3393 luctifer
1568 3362 1760 3395 mortalibus.
