2294 3704
875 147 943 186 DE
969 146 1292 187 PHERECYDE.

57 243 197 291 Georg.
219 239 414 278 Cedrenus
433 237 490 289 (in
505 235 671 286 synopsi
690 234 780 272 hist.
799 237 838 279 Ι,
862 247 901 285 p.
926 239 974 283 94
987 262 998 280 ,
1016 232 1074 283 B.)

57 306 96 337 et
110 297 334 336 Theodorus
354 294 590 334 Meliteniota
610 293 785 344 (prooem.
808 293 846 330 in
868 296 1020 330 Astron.
1041 305 1073 328 c.

63 358 138 408 ια).
159 356 235 395 Sed
253 356 330 394 haec
348 353 476 392 omnia
492 352 613 403 magis
631 352 678 389 ad
699 350 981 403 probabilitatis
999 363 1076 400 spe-

58 418 155 454 ciem
171 415 325 453 inventa
337 420 426 450 sunt
438 425 552 463 quam
564 424 613 448 ex
623 410 792 448 fontibus
805 411 937 447 hausta
951 409 1076 459 dignis

59 475 145 512 fide.
166 476 215 512 Et
228 471 386 510 omnino
400 471 526 508 nullus
543 470 622 508 sere
639 470 740 507 inter
758 469 936 519 antiquos
955 468 1077 519 philo-

1 567 4 570 .
59 530 206 582 sophos'
221 529 423 580 reperitur,
441 541 556 579 quem
570 535 628 565 tot
640 526 779 565 fabulis
792 526 1076 573 exornaverint,

58 597 155 640 quot
189 588 238 626 dc
270 587 488 637 Pherecyde
521 586 766 637 protulerunt
802 585 999 623 mendacia
1040 592 1078 621 et

0 684 11 698 ,
59 646 259 686 mirabilia.
283 648 368 684 Huc
392 645 585 696 pertinent
613 658 698 695 quae
723 644 770 682 de
790 643 978 681 vaticiniis
997 643 1078 694 ejus

59 706 183 756 deque
197 704 332 743 mortis
343 716 481 754 genere
493 703 726 747 fabulantur,
735 717 756 740 a
767 703 920 741 Sturzio
932 715 1079 739 summa

60 777 145 801 cum
166 762 362 813 diligentia
380 769 571 811 congesta.

114 824 237 872 opus,
256 834 333 870 quo
350 819 528 870 dogmata
545 833 611 856 sua
627 819 674 858 de
690 819 934 870 cosmogonia
954 817 1080 867 deque

60 880 218 918 deorum
255 887 391 916 natura
423 879 638 929 posteritati
663 879 879 926 mandavit,
916 878 1081 929 pedestri

61 938 234 976 oratione
254 937 515 987 conscriptum
528 945 631 984 erat,
660 951 774 988 quam
795 937 943 988 primus
959 937 1021 974 ille
1040 937 1079 973 in

61 1008 191 1033 rerum
221 995 574 1046 philosophicarum
597 995 837 1046 expositione
863 994 1082 1032 adhibuisse

61 1054 201 1092 dicitur
219 1054 286 1105 (1).
303 1053 454 1091 Titulus
473 1053 586 1103 hujus
605 1054 733 1105 operis
750 1054 822 1092 fuit
838 1051 1079 1105 Ἑπτάμυχος.

61 1112 123 1151 Sic
140 1112 222 1162 ipse
235 1111 472 1161 Pherecydes
491 1120 532 1148 ut
550 1113 702 1150 videtur
720 1112 860 1150 librum
891 1126 1000 1150 suum
1022 1113 1083 1149 in·-

65 1171 228 1222 scripsit3
245 1171 327 1208 aliis
341 1170 459 1220 magis
473 1169 635 1208 dilucide
647 1171 913 1222 appellabatur
925 1172 1083 1223 Θεοκρα·

2041 162 2152 188 XXXV

1136 234 1216 272 sive
1258 233 1443 286 Tempus)
1490 242 1528 272 et
1560 243 1744 285 quattuor
1777 235 1963 273 elementa
2001 237 2154 286 (ignem,

1136 299 1293 341 terram,
1323 306 1469 341 aerem,
1495 294 1672 343 aquam),
1695 307 1743 331 ex
1758 293 1896 343 quibus
1920 294 2048 332 omnia
2071 308 2156 345 quae

1135 350 1323 387 exsistunt
1345 359 1432 388 nata
1451 359 1540 388 sunt
1563 360 1600 388 et
1624 360 1851 400 nascuntur,
1872 352 1973 389 hunc
1994 353 2156 390 maxime

1136 408 1288 446 titulum
1302 418 1434 447 auctor
1447 411 1624 461 selegisse
1639 411 1829 461 putandus
1846 412 1905 448 sit.
1932 415 1988 449 Ac
2007 424 2054 448 ne
2070 425 2156 449 eum

1116 474 1282 525 ..mutare
1298 468 1405 515 velis,
1418 468 1495 518 jam
1510 469 1614 516 illud,
1630 470 1782 521 opinor,
1794 478 1907 516 vetat,
1918 470 2023 520 quod
2038 479 2159 521 septe-

1137 525 1266 562 narius
1281 539 1463 563 numerus
1479 528 1636 566 omnino
1656 542 1762 566 sacer
1788 528 2002 566 habebatur
2019 537 2057 566 et
2076 543 2156 580 prae

1137 584 1273 621 ceteris
1293 593 1535 622 consecratus
1552 595 1632 623 erat
1653 588 1845 638 Apollini,
1866 601 1951 624 cum
1973 587 2081 637 cujus
2097 587 2159 626 dei

1138 643 1242 680 cultu
1256 651 1360 680 arcto
1373 643 1529 680 vinculo
1546 645 1749 694 conjuncta
1763 655 1844 683 erat
1860 655 1939 683 tota
1956 646 2017 683 illa
2029 646 2160 695 Pytha-

1139 714 1342 752 goreorum
1355 731 1364 747 ‚
1403 715 1490 739 cum
1520 703 1659 752 quibus
1698 705 1937 755 Pherecydes
1979 707 2160 756 componi

1138 761 1247 807 solet,
1265 760 1529 810 philosophia3
1547 769 1660 810 atque
1677 776 1760 812 quae
1776 763 1823 800 de
1840 765 1926 814 ipso
1940 765 2160 814 Pherecyde

1139 819 1366 856 miraculosa
1380 819 1747 857 circumferebantur
1757 851 1768 871 ,
1794 823 1890 859 vatis
1905 824 2033 872 potius
2047 825 2163 873 Apol-

1140 878 1230 915 linei
1240 877 1275 915 ei
1286 878 1453 928 speciem
1466 877 1640 928 praebent
1650 892 1765 927 quam
1778 881 2009 932 philosophi.
2020 885 2165 927 Quam-

1141 948 1256 986 quam
1287 944 1415 973 autem
1446 936 1579 973 titulus
1593 935 1822 988 Ἑπτάμυχος
1840 938 1889 975 ab
1910 941 2014 977 omui
2035 949 2162 978 muta-

1144 995 1248 1031 tione
1264 994 1464 1032 temeraria
1487 995 1650 1032 tuendus
1667 1004 1737 1042 est,
1760 1009 1885 1045 neque
1911 997 1958 1034 de
1977 998 2162 1037 librorum

1142 1051 1257 1102 hujus
1278 1053 1406 1102 operis
1435 1066 1597 1089 numero
1635 1061 1775 1090 certius
1793 1054 1938 1104 aliquid
1959 1058 2073 1094 statui
2094 1071 2165 1108 po-

1145 1119 1242 1160 test,
1263 1119 1471 1162 propterea
1506 1125 1586 1148 nou
1623 1112 1746 1148 minus
1783 1124 2005 1162 persuasum
2039 1115 2165 1153 habeo

1143 1169 1263 1207 verba
1283 1170 1371 1216 illa,
1398 1170 1446 1207 de
1468 1169 1612 1220 quibus
1634 1170 1780 1220 agitur,
1808 1184 1830 1208 a
1850 1171 1967 1208 Suida
1990 1173 2084 1222 (non
2110 1183 2166 1210 est

65 1227 146 1275 σία,
173 1229 318 1280 quippe
342 1229 409 1279 qui
434 1228 481 1266 de
505 1228 665 1267 deorum
691 1230 771 1267 sive
806 1230 1082 1267 elementorum
1112 1246 1116 1276 Ι
1143 1228 1246 1265 enim
1272 1242 1341 1266 cur
1365 1228 1482 1266 alium
1510 1229 1746 1280 accusemus)
1779 1229 1876 1267 male
1900 1229 2047 1280 adjecta
2072 1245 2167 1277 esse,

66 1288 339 1326 commixtione
348 1296 572 1338 exponeret.
587 1292 682 1334 Quae
695 1302 790 1326 vero
800 1288 933 1326 Suidas
948 1287 1084 1326 habet:
1111 1277 1116 1319 l
1145 1287 1291 1337 quippe
1311 1300 1396 1337 quae
1418 1287 1466 1324 ad
1482 1287 1712 1337 Pherecydis
1729 1288 1971 1326 Atheniensis
1990 1290 2167 1341 Theogo-

64 1345 292 1398 Ἑπτάμυχος
310 1346 388 1392 ἤτοι
402 1345 602 1399 Θεοκρασία
618 1345 640 1393 ἢ
655 1346 838 1397 Θεογονία·
850 1345 924 1383 ἔστι
944 1345 980 1383 δὲ
993 1347 1087 1384 Θεο-
1111 1342 1117 1386 l
1146 1346 1247 1382 niam
1270 1346 1506 1395 pertineant,
1533 1359 1647 1395 quam
1663 1346 1746 1396 ipse
1763 1347 1893 1396 paullo
1910 1357 1997 1397 post
2011 1347 2168 1394 Ἀττικὴν

59 1405 164 1456 λογίαι
194 1407 229 1443 ἓν
263 1404 408 1457 βιὸλίοις
440 1403 543 1452 δέκα,
580 1403 710 1456 ἔχουσα
747 1407 832 1442 θεῶν
861 1404 993 1456 γένεσιν
1026 1403 1086 1441 καὶ

64 1461 266 1516 διαδόχους,
299 1463 340 1501 in
372 1463 419 1500 iis
447 1463 597 1501 diversa
619 1464 777 1501 confusa
807 1472 906 1501 sunt.
933 1463 1086 1502 Sturzio

65 1521 146 1559 haec
160 1534 182 1559 a
195 1521 312 1560 Suida
325 1534 403 1559 non
417 1522 591 1572 prosecta
603 1535 685 1559 esse
694 1522 885 1560 videntur.
903 1541 917 1555 α
926 1522 1088 1572 Sapiunt

63 1580 187 1629 enim,
214 1580 359 1630 inquit,
385 1580 577 1618 hominem
596 1581 662 1631 qui
679 1594 757 1617 non
776 1581 866 1618 satis
884 1581 1087 1631 perspicua

66 1647 219 1690 putaret
232 1639 388 1676 nomina
400 1638 601 1692 Θεοκρασία
615 1648 653 1676 et
666 1638 850 1690 Θεογονία,
863 1640 974 1689 etqui
987 1640 1088 1676 inter

65 1697 163 1735 hanc
191 1697 239 1735 de
255 1697 367 1746 Syrio
389 1705 427 1735 et
447 1706 667 1748 sequentem
685 1697 732 1735 de
749 1698 969 1736 Atheniensi
990 1698 1088 1735 Phe-

65 1755 204 1806 recyde
224 1755 448 1793 relationem
465 1756 580 1793 vellet
596 1755 881 1794 similitudinem
897 1756 1087 1806 quandam
1114 1751 1119 1796 Ι

65 1813 259 1865 effingere.
280 1814 430 1852 Deinde
452 1815 511 1852 vel
532 1814 739 1865 Δεκάμυχος
760 1815 961 1865 legendum
980 1823 1089 1866 pute,

66 1873 124 1910 vel
141 1873 172 1910 si
197 1872 264 1910 illa
289 1872 428 1919 verba,
454 1886 539 1923 quae
563 1887 611 1911 an
633 1874 797 1923 genuina
821 1874 895 1911 sint
920 1873 1089 1911 dubitari
1115 1889 1118 1902 ·

67 1944 181 1982 posse
205 1931 306 1979 dixi,
337 1931 495 1970 Suidam
524 1946 615 1970 vere
639 1940 834 1970 auctorem
865 1933 1025 1980 habeut,
1052 1934 1087 1971 ἐν

68 1991 213 2043 βιὸλίοις
229 1990 332 2030 ἑπτά.
344 2009 359 2026 u
377 1993 558 2031 Neutrum
576 1992 833 2043 probandum.
851 1997 944 2031 Nam
960 2007 1091 2044 quam-

65 2051 125 2088 vis
138 2051 188 2088 sit
206 2051 412 2089 verisimile
425 2052 733 2102 Heptamychum
751 2053 790 2090 in
811 2061 956 2103 septem
971 2053 1090 2091 libros

65 2109 231 2147 divisum
258 2110 393 2157 fuisse,
419 2118 544 2148 tamen
572 2111 727 2149 minime
751 2120 808 2150 est
823 2113 1090 2162 necessarium,

66 2182 187 2220 quum
211 2169 290 2207 haec
306 2170 506 2221 inscriptio
524 2184 602 2208 non
616 2180 810 2209 externam
827 2173 956 2223 operis
971 2172 1089 2210 ador-

69 2227 259 2266 nationem
283 2230 495 2279 respexisse
518 2229 707 2278 videatur,
733 2231 798 2268 sed
827 2239 989 2282 propter
1008 2232 1091 2278 tria,
1118 2267 1122 2276 ,

1146 1403 1393 1456 ἀρχαιολογίαν
1414 1412 1546 1451 vocat,
1567 1418 1760 1455 quamque
1783 1405 1914 1443 decem
1938 1406 2044 1444 libris
2066 1420 2169 1444 com-

1145 1463 1309 1512 positam
1335 1463 1451 1500 suisse
1476 1464 1628 1501 scimus.
1653 1467 1749 1501 Tun·
1780 1477 1874 1502 vero
1897 1478 1968 1515 pro
1989 1465 2166 1516 θεολογίαν

1146 1520 1392 1558 scribendum
1410 1530 1506 1571 puto
1526 1520 1713 1572 θεογονίαν,
1735 1536 1820 1572 quae
1831 1536 1906 1559 vox
1922 1523 2171 1573 sequentibus

1146 1578 1276 1631 ἔχουσα
1303 1582 1388 1618 θεῶν
1419 1580 1551 1631 γένεσιν
1568 1580 1627 1618 καὶ
1651 1580 1836 1634 διαδόχους
1866 1583 2054 1633 postulari
2070 1597 2171 1634 quo-

1146 1639 1351 1676 dammodo
1377 1639 1542 1677 videtur.
1565 1643 1708 1677 Contra
1739 1641 1845 1690 quod
1863 1642 2053 1679 antecedit
2070 1643 2171 1694 apud

1147 1696 1303 1735 Suidam
1321 1696 1496 1749 θεογονίαν
1512 1698 1739 1735 mutandum
1755 1700 1794 1735 in
1807 1699 1997 1750 θεολογίαν.

1205 1758 1296 1793 Post
1329 1758 1466 1805 Syrum
1499 1757 1636 1794 Suidas
1671 1758 1764 1794 alios
1798 1758 1897 1795 duos
1932 1759 2171 1809 Pherecydes

1149 1814 1371 1865 distinguit,
1403 1815 1677 1853 Atheniensem
1702 1817 1788 1866 ipso
1815 1817 2049 1868 philosopho
2069 1820 2172 1856 anti-

1147 1874 1336 1923 quiorem,
1360 1882 1474 1924 atque
1490 1875 1644 1912 Lerium
1662 1888 1776 1925 quem
1790 1876 1921 1926 paullo
1936 1885 2024 1914 aute
2045 1878 2104 1914 Ol.
2122 1878 2170 1924 75

1148 1932 1325 1970 floruisse
1343 1932 1449 1970 dicit.
1478 1937 1528 1970 At
1548 1946 1646 1970 unus
1669 1942 1830 1984 uterque
1850 1943 1907 1972 est
1928 1943 1966 1972 et
1986 1936 2108 1982 idem,
2130 1946 2173 1973 ut

1143 1990 1223 2040 jam
1244 1991 1403 2028 Vossius
1423 1991 1495 2041 (de
1517 1992 1613 2029 Hist.
1636 1993 1701 2029 Gr.
1719 2006 1758 2043 p.
1782 1994 1872 2045 (⁸45)
1894 1993 2039 2031 docuit.
2060 1995 2173 2032 Acci-

1149 2051 1205 2088 dit
1225 2052 1327 2089 enim
1342 2051 1576 2100 Pherecydi,
1597 2052 1700 2102 quod
1718 2060 1776 2089 est
1795 2053 1843 2090 de
1861 2053 1944 2091 aliis
1958 2054 2086 2091 multis
2106 2054 2173 2092 ob-

1149 2117 1355 2155 servatum,
1370 2110 1512 2147 scilicet
1525 2119 1565 2147 ut
1583 2111 1676 2149 duas
1694 2110 1881 2149 haberent
1891 2113 2046 2162 patrias,
2059 2126 2171 2150 unam

1150 2176 1309 2213 naturae,
1328 2176 1369 2205 ut
1394 2169 1529 2207 Cicero
1554 2170 1627 2216 ait,
1660 2171 1819 2207 alteram
1851 2171 2026 2208 civitatis.
2052 2175 2172 2209 Natus

1153 2227 1269 2264 suerit
1282 2227 1362 2264 sine
1377 2226 1496 2264 dubio
1510 2228 1548 2264 in
1559 2232 1659 2266 Lero
1674 2229 1811 2274 insula,
1822 2229 2068 2268 Atheniensis
2083 2244 2172 2268 vero

69 2299 154 2336 quae
171 2286 410 2337 Pherecydes
428 2288 560 2325 statuit
579 2302 705 2326 rerum
734 2289 921 2339 principia
941 2290 1091 2340 (Jovem
1119 2299 1122 2328 ἐ
1151 2286 1443 2332 nominabatur,
1464 2286 1567 2337 quod
1602 2287 1707 2338 apud
1748 2287 1818 2325 hos
1852 2288 2008 2339 degeret
2042 2290 2158 2327 vitam

68 2345 146 2383 sive
168 2345 363 2384 AEtherem
375 2375 385 2394 ,
413 2346 589 2384 Chthona
606 2347 685 2385 sive
700 2348 846 2399 Chaos,
864 2356 901 2385 et
921 2349 1090 2386 Cronum

111 2448 154 2489 (l)
179 2448 294 2480 suidas
306 2448 352 2480 l.l.
368 2451 448 2493 etrv.
464 2450 640 2493 Ἱστορῆσαι
654 2453 685 2483 et
700 2451 879 2494 Συγγράφω,
901 2451 982 2483 ΡΙὶῐι.
998 2453 1038 2483 H.
1052 2452 1090 2483 N.

68 2496 147 2530 Vll,
168 2499 219 2533 56,
235 2495 349 2527 Strabo
364 2499 397 2535 l,
411 2505 443 2537 p.
459 2499 509 2538 18,
524 2498 637 2537 A‚alii.
656 2499 706 2530 Cf.
724 2499 919 2541 Theopomp.
940 2499 1091 2540 ap.Diog.

69 2541 174 2572 Laert.
201 2543 235 2580 Ι,
266 2545 335 2581 116,
361 2542 417 2574 ubi
442 2544 643 2584 Pherecydes
666 2548 786 2588 πρῶτος
812 2547 880 2588 περὶ
899 2546 1019 2586 φύσεως
1039 2546 1092 2576 καὶ

69 2587 146 2618 θεῶν
162 2587 276 2630 γράψαι
293 2589 443 2621 traditur.
461 2590 555 2627 Quod
567 2599 642 2623 vero
654 2601 759 2632 prosae
775 2592 929 2624 orationis
945 2593 1093 2623 inventor

69 2633 216 2675 habetur,
231 2635 264 2666 in
280 2643 319 2667 eo
335 2636 454 2676 saepius
467 2645 542 2669 cum
559 2638 743 2679 Pherecyde
759 2639 912 2671 historico
926 2638 1092 2671 confundi-

70 2681 133 2710 tur.
164 2681 211 2711 De
235 2680 297 2712 hoc
318 2683 426 2722 aperte
454 2683 608 2724 cogitavit
636 2684 750 2717 Strabo
777 2685 799 2716 Ι.
823 2685 845 2716 l.
866 2695 873 2716 :
891 2686 957 2717 εἶτα
975 2685 1092 2723 ἐκείνην

71 2725 246 2766 (ποιητικὴν
270 2729 478 2770 κατασκευὴν)
500 2731 700 2772 μιμούμενοι,
732 2733 877 2769 λύσαντες
903 2734 938 2764 τὸ
962 2733 1090 2775 μέτρον,

69 2773 164 2805 τᾶλλα
178 2775 212 2806 δὲ
232 2775 411 2816 φυλάξαντες
428 2777 467 2808 τὰ
488 2779 652 2818 ποιητικὰ,
676 2780 869 2822 συνέγραψαν
891 2782 919 2812 οἱ
941 2781 1009 2822 περὶ
1030 2780 1093 2811 Κά-

70 2819 146 2860 δμον
168 2822 221 2853 καὶ
249 2823 424 2864 Φερεκύδην
443 2825 496 2855 καὶ
513 2824 691 2857 Ἑκαταῖον.
715 2826 818 2858 Simili
841 2836 948 2859 errore
966 2829 1094 2860 tenetur

71 2867 269 2908 Freculphus
295 2868 430 2908 (chron.
451 2872 484 2910 1,
515 2874 546 2910 3,
572 2872 634 2911 17),
655 2872 710 2913 qui
729 2873 944 2914 Pherecydem
963 2874 1092 2914 Syrium

71 2912 276 2945 historiarum
297 2915 497 2949 inventorem
522 2918 611 2951 dicit.
631 2921 677 2951 De
693 2920 846 2952 historico
862 2921 958 2954 etiam
978 2922 1094 2954 suidas

71 2960 226 3000 cogitasse
241 2962 369 2995 videtur
388 2972 419 2995 v.
439 2965 602 3003 Ἑκαταῖος
614 2991 622 3006 ,
640 2966 696 2998 ubi
715 2977 722 2998 :
739 2968 899 3005 Ἑκαταῖος
974 2973 1093 3012 πρῶτος

72 3007 207 3049 ἱστορίαν
221 3012 317 3046 πεζῶς
336 3010 493 3052 ἐξήνεγκε,
512 3016 687 3056 συγγραφὴν
712 3015 744 3047 δὲ
767 3017 939 3058 Φερεκύδης
953 3028 960 3034 ·
983 3018 1021 3049 τὰ
1037 3018 1094 3059 γὰρ

71 3053 269 3087 Ἄκουσιλάου
293 3058 457 3091 νοθεύεται.
488 3060 594 3101 Legit,
622 3063 657 3093 ut
678 3065 773 3102 puto,
802 3063 1016 3104 Pherecydem
1039 3068 1094 3106 Sy-

72 3099 156 3153 rium
175 3102 318 3141 primum
340 3103 437 3137 fuisse
455 3109 680 3150 συγγραφέα,ἰ.
698 3118 725 3141 e.
746 3110 886 3150 primum
910 3112 1014 3144 soluta
1026 3122 1095 3145 ora-

73 3147 160 3198 tione
174 3148 341 3189 scripsisse
363 3150 449 3191 (nam
466 3162 539 3193 quae
554 3155 652 3196 vulgo
673 3155 768 3188 datur
787 3158 876 3189 vocis
905 3162 1093 3202 συγγραφεὺς

73 3192 243 3232 explicatio
257 3204 265 3226 ε
277 3198 336 3236 qui
354 3201 484 3231 narrat
497 3209 550 3232 res
561 3210 636 3234 suoe
648 3205 776 3241 oetatis,
795 3205 886 3245 plane
899 3206 1006 3248 inepta
1019 3209 1092 3250 est);

73 3237 160 3278 quod
185 3247 259 3271 cum
292 3242 333 3273 ad
359 3243 547 3278 historicum
575 3249 704 3281 referret
729 3253 824 3291 atque
846 3252 942 3284 simul
973 3254 1094 3287 videret

74 3285 256 3339 necataeum
269 3289 410 3327 primum
425 3300 520 3332 prosa
541 3296 685 3329 oratione
706 3297 892 3339 scripsisse,
914 3299 1092 3335 distinctio-

74 3337 148 3363 nem
163 3332 254 3374 fecit,
271 3343 344 3376 quoe
358 3340 408 3369 est
422 3339 519 3372 nulla.

1119 2333 1124 2378 l
1152 2349 1385 2394 Argumento
1412 2352 1488 2391 est,
1516 2346 1620 2395 quod
1645 2347 1917 2385 Eratosthenes
1949 2347 2025 2398 (ap.
2056 2348 2170 2398 Diog.

1122 2388 1127 2460 i
1151 2407 1194 2440 L.
1225 2406 1262 2450 1,
1291 2418 1385 2453 1193
1416 2405 1463 2442 cf.
1492 2406 1650 2456 Dionys.
1682 2410 1729 2444 H.
1756 2421 1796 2458 p.
1821 2408 1870 2445 35
1897 2407 1955 2446 ed.
1982 2409 2045 2456 R.)
2075 2408 2171 2445 duos

1124 2469 1299 2521 ltantum
1328 2463 1565 2513 Pherecydes
1600 2466 1792 2515 agnoscit,
1827 2466 1986 2503 alterum
2021 2466 2169 2516 Syrium

1122 2523 1126 2547 ⁸
1152 2520 1437 2572 philosophum,
1453 2522 1615 2560 alterurn
1631 2524 1894 2562 Atheniensem
1911 2525 2172 2575 genealogum.

1152 2579 1298 2617 Eodem
1321 2580 1411 2618 facit
1429 2581 1570 2619 Strabo
1589 2585 1646 2627 X,
1662 2596 1699 2632 p.
1713 2585 1785 2630 487
1809 2587 1837 2621 Β
1855 2599 1864 2620 :
1886 2582 1948 2627 Ἐξ
1968 2577 2008 2629 ἧς
2027 2581 2172 2636 (Σύρου)

1152 2637 1356 2691 Φερεκύδης
1374 2641 1392 2677 ὁ
1410 2638 1546 2682 Βάὸυος
1561 2634 1618 2688 ἦν,
1636 2640 1797 2695 νεώτερος
1814 2640 1849 2678 δὲ
1861 2640 1954 2679 ἔστιν
1969 2645 1986 2679 ὁ
1997 2641 2173 2688 Ἀθηναῖος

1151 2696 1294 2735 ἐκείνου.
1323 2701 1450 2748 Atque
1470 2700 1628 2736 omnino
1648 2714 1746 2737 unus
1768 2709 1912 2738 tantum
1934 2701 2172 2750 Pherecydes

1152 2756 1356 2795 historicus
1371 2758 1474 2808 apud
1499 2767 1646 2796 veteres
1671 2760 1857 2797 laudatur.

1206 2815 1329 2852 Simili
1360 2817 1584 2854 confusione
1623 2817 1798 2854 laborant
1833 2818 1881 2855 de
1901 2826 2010 2856 aetate
2038 2819 2172 2858 Nostri

1155 2875 1381 2912 testimonia.
1425 2876 1535 2914 Falsa
1585 2885 1673 2913 sunt
1721 2884 1759 2913 et
1805 2877 1853 2914 ad
1897 2878 2171 2929 philosophum

1152 2933 1351 2971 referenda
1386 2947 1471 2983 quae
1503 2933 1646 2971 habent
1683 2934 1870 2973 Eusebius
1907 2939 2015 2974 Arm.
2049 2937 2097 2974 ad
2109 2938 2171 2976 Ol.

1154 2993 1216 3036 60,
1257 3006 1271 3028 1
1311 3005 1348 3042 p.
1386 2994 1459 3036 334
1497 2993 1557 3029 ed.
1592 2993 1666 3030 Mai
1695 3008 1703 3030 ε
1730 2994 1959 3043 Pherecydes
1987 2995 2173 3032 historicus

1152 3051 1378 3099 Pytleagoroe
1434 3055 1610 3099 magister
1663 3051 1968 3101 cognoscebattcr;
2009 3053 2173 3090 Chroni-

1154 3120 1238 3143 cum
1266 3107 1444 3144 paschale
1473 3120 1510 3156 p.
1540 3111 1688 3155 144,A‚
1711 3109 1761 3146 ad
1784 3110 1841 3148 Ol.
1865 3110 1928 3156 57,
1950 3124 2051 3148 anno
2082 3111 2171 3160 Cyri

1154 3165 1306 3214 majoris
1348 3165 1532 3202 vicesimo
1575 3167 1702 3216 primo
1734 3183 1743 3204 :
1780 3167 1983 3222 Φερεκύδης
2020 3170 2171 3222 ἱστοριο-

1153 3222 1249 3265 ποιὸς
1268 3221 1469 3275 ἐγνωρίζετο
1484 3223 1543 3261 καὶ
1560 3224 1766 3279 Πυθαγόρας
1778 3240 1786 3248 ·
1812 3228 1999 3278 Georgius
2009 3228 2170 3277 Syncell.

1154 3294 1193 3331 p.
1207 3282 1296 3325 238,
1315 3283 1344 3318 B
1363 3281 1481 3320 Paris.
1497 3282 1551 3334 (p.
1565 3283 1635 3326 451
1657 3285 1847 3336 Dindorf.)
1864 3301 1872 3323 :
1891 3284 2037 3336 Θέογνις
2054 3288 2072 3324 ὁ
2089 3300 2172 3323 ποι-

1153 3336 1240 3384 'saviis'
1260 3338 1471 3391 ἕγνωρίζετο.
1487 3341 1738 3395 Πεισίστρατος
1758 3343 1944 3391 Ἀθηναίων
1961 3343 2001 3382 τὸ
2017 3342 2170 3396 δεύτερον

1975 3420 2003 3443 c.
