2320 3684
879 146 882 148 “
917 150 968 189 ΙΝ
999 148 1229 190 ΜΑΒΜΟΒ
1256 150 1478 193 ΡΑΒΙΠΜ.

127 243 279 283 choum
306 242 463 293 quidem
482 239 737 287 solemnibus,
757 240 1054 279 Anthesterione
1069 247 1158 290 post

129 302 394 341 Gamelionem
414 299 608 352 proxime,
626 298 664 336 id
683 299 789 350 quod
809 313 886 337 non
905 298 1156 350 rejiciendum

130 361 283 399 videtur
302 360 361 410 (cf.
383 359 430 398 de
445 358 642 409 Dionysiis
663 371 696 396 c.
722 358 808 408 21);
829 367 935 409 patet
951 366 1158 408 utrumque

128 420 283 471 Olymp.
305 421 370 469 93,
391 432 413 456 2
436 419 660 456 defunctum
682 431 786 466 esse,
806 418 912 469 quod
942 421 1060 456 'Ranae
1086 429 1157 454 co—

129 478 267 516 moedia
281 478 360 529 jam
382 477 606 516 Gamelione
622 477 778 528 Olymp.
797 480 861 527 93,
885 478 906 515 3
930 477 1043 515 docta
1060 483 1156 513 est.»

112 567 114 570 -
129 540 267 588 Neque
287 537 414 575 obstat
429 536 619 575 Plutarch.
642 550 690 574 ex
706 536 852 574 Timaeo
873 536 1042 574 referens
1058 534 1158 574 Dio-

129 597 283 647 nysium
313 609 359 635 eo
395 609 477 634 esse
509 596 572 633 die
603 604 736 633 natum
768 608 846 646 quo
878 595 1081 633 defunctus
1112 593 1160 631 sit

130 655 345 707 Euripides.
374 658 471 693 Nam
501 668 734 706 quamquam
765 655 965 693 verissima
1000 656 1158 692 Wesse-

133 714 244 765 lingii
262 715 450 753 sententia
478 723 555 763 est,
583 728 662 752 non
684 723 819 752 natum
837 727 883 752 eo
916 712 979 750 die
1009 712 1161 760 Diony—

131 773 230 811 sium
252 774 282 822 Ι,
302 774 369 812 sed
389 782 518 812 natam
538 773 620 825 ejus
647 773 890 824 tyrannidem
917 771 1059 810 dixisse
1091 770 1161 809 Ti-

131 844 283 879 maeum,
302 846 416 883 quam
435 833 665 883 Dionysium
681 839 832 870 constat
856 831 1012 881 Olymp.
1032 830 1097 880 93,
1124 831 1160 877 3,

132 905 361 943 occupasse,
392 906 470 930 non
499 894 653 944 Olymp.
682 893 757 942 93,
789 905 840 942 2;
872 899 1000 928 tamen
1035 889 1163 941 potuit

132 950 302 989 Timaeus
322 951 467 1002 aliquid
485 950 566 1002 jam
605 951 760 1002 Olymp.
791 952 864 1001 93,
897 963 918 987 2
950 962 1052 987 anno
1075 956 1162 986 ante

132 1008 309 1060 Dionysii
326 1010 571 1061 tyrannidem
593 1018 782 1061 spectare,
803 1023 881 1060 quo
900 1009 975 1047 sibi
995 1011 1096 1047 viam
1114 1007 1163 1045 ad

133 1067 438 1107 dominationem
459 1070 654 1120 aperuerit
683 1069 907 1119 Dionysius.
941 1068 1053 1106 Adde
1081 1067 1163 1105 dis-

132 1135 334 1177 putantem
382 1127 432 1166 de
473 1128 678 1179 Sophoclis
722 1135 760 1166 et
803 1127 1001 1179 Euripidis
1053 1126 1163 1165 obitu

139 1185 298 1225 Bitschl.
319 1189 380 1226 De
398 1186 597 1238 Agathone
619 1200 653 1225 c.
674 1193 709 1226 6,

421 1265 554 1314 ΕροεΙι.
581 1265 644 1308 64.
676 1277 730 1301 vs.
770 1264 907 1314 78—79.

187 1343 247 1379 De
268 1341 482 1392 Sophocle,
513 1354 551 1378 v.
587 1354 647 1392 ep.
680 1341 744 1378 63.
776 1342 862 1378 Non
895 1351 1028 1376 omnes
1061 1337 1162 1375 enim

135 1409 298 1439 mortem
322 1408 450 1451 poetae
468 1399 517 1437 ad
541 1400 668 1438 Calliae
685 1412 827 1436 annum
851 1398 1026 1435 retulisse
1052 1396 1165 1434 docet

136 1462 267 1502 Schol.
285 1473 348 1511 ap.
374 1458 575 1497 Thiersch.
593 1459 633 1496 in
650 1459 757 1496 Actis
775 1461 883 1495 Mon.
901 1457 965 1505 I,3
977 1486 987 1504 ,
1002 1470 1041 1507 p.
1060 1457 1135 1494 323
1154 1470 1162 1492 :

136 1520 224 1561 Ἐπὶ
242 1517 399 1559 Καλλίου
416 1516 522 1571 φασὶν
535 1518 565 1555 οἱ
580 1516 719 1560 πλείους
728 1516 787 1554 τὸν
805 1514 1165 1569 Σοφοκλέατελευτῆ-

136 1596 207 1619 σαι.
228 1580 322 1618 Plin.
346 1580 393 1616 H.
417 1580 462 1615 N.
477 1579 570 1625 VII,
599 1577 648 1614 3ο
666 1584 704 1613 et
722 1576 801 1614 vit.
825 1574 1006 1626 Sophocl.
1030 1573 1164 1611 mortis

137 1652 277 1678 annum
293 1644 445 1689 ponunt
458 1637 518 1674 01.
552 1637 658 1686 93,4,
675 1648 753 1686 quo
775 1643 948 1686 tempore
966 1633 1124 1670 Athenae
1143 1646 1164 1670 a

135 1698 335 1750 Lysandro
366 1695 654 1734 obsidebantur.
689 1698 781 1733 Haec
808 1694 965 1745 opinio,
989 1699 1165 1730 monente

136 1757 331 1803 BoeckhiO,
350 1767 480 1793 ansam
500 1753 712 1805 praebuisse
729 1753 883 1791 videtur
904 1753 951 1790 iis
971 1765 1056 1802 quae
1072 1764 1166 1788 nar-

135 1826 195 1856 rat
216 1820 375 1855 Pausan.
405 1817 447 1862 1,
469 1828 531 1852 21.
551 1813 710 1851 Lucian.
730 1811 907 1850 Macrob.
934 1813 977 1860 6,
1012 1817 1059 1855 24
1093 1813 1166 1849 So·-

137 1876 313 1929 phoclem
331 1874 475 1913 vixisse
495 1873 589 1911 dicit
612 1885 733 1909 annos
747 1873 810 1922 96.

188 1938 234 1973 111
250 1932 500 1985 sequentibus
516 1931 666 1970 Selden.
687 1931 790 1969 dedit
809 1929 983 1986 ἀνέὸαινε,
1002 1930 1163 1969 Palmer.

136 1992 258 2040 ἀνέὸη.
278 1991 428 2041 Quibus
446 1991 654 2030 Prideaux.
677 1990 828 2028 addidit
842 1991 888 2034 εἷς
902 1989 966 2037 τὴν
986 1988 1163 2043 Περσίδα,

135 2052 326 2092 Chandler
350 2066 359 2089 :
380 2050 439 2089 ἐπὶ
468 2049 527 2088 τὸν
554 2049 716 2104 ἀδελφόν.
751 2049 826 2088 Sed
854 2050 928 2088 hoc
958 2063 1036 2087 non
1065 2063 1164 2100 opus

134 2125 218 2150 esse
237 2111 437 2149 Boeckhius
452 2110 566 2148 docet
585 2123 635 2147 ex
658 2118 846 2160 sequente
876 2109 1046 2159 epocha,
1072 2109 1164 2146 ubi:

134 2173 204 2210 τῶν
232 2168 320 2222 μετὰ
342 2169 461 2222 Κύρου
482 2165 704 2207 ἀναὸάὺτων·
723 2168 826 2206 unde
846 2169 959 2206 simul
980 2169 1165 2218 intelligi-

138 2240 200 2268 tur
218 2237 350 2267 nostro
368 2231 454 2267 loco
474 2242 554 2266 non
575 2228 623 2265 de
651 2229 777 2279 primo
802 2228 961 2275 itinere,
989 2227 1094 2278 quod
1124 2229 1163 2265 in

137 2289 318 2336 persiam,
340 2297 450 2340 patre
467 2288 592 2326 adhuc
608 2289 779 2336 vivente,
801 2290 924 2339 Cyrus
942 2287 1032 2325 fecit
1049 2288 1162 2338 (Dio-

137 2348 220 2387 dor.
241 2352 353 2396 xm,
391 2348 494 2398 104),
524 2360 742 2385 sermonem
773 2360 878 2395 esse,
908 2345 974 2384 sed
1006 2346 1054 2383 de
1074 2355 1165 2384 nota

136 2407 200 2445 illa
230 2411 454 2446 Graecorum
493 2405 675 2443 ἀναδάσει.
704 2406 828 2456 Igitur
860 2405 1005 2443 erravit
1024 2409 1166 2443 Noster

136 2465 235 2503 hanc
255 2467 302 2504 ad
319 2467 474 2516 Olymp.
505 2467 570 2515 93,
591 2466 612 2502 3
639 2465 829 2512 reserenS,
852 2478 972 2515 quum
1001 2464 1099 2502 facta
1117 2465 1166 2502 sit

136 2527 288 2578 Olymp-
308 2532 373 2576 94,
392 2531 427 2570 4.

189 2585 340 2623 Deinde
359 2584 544 2624 Seldenus
560 2597 609 2622 ex
625 2583 755 2635 lapide
776 2582 881 2621 dedit
897 2598 905 2621 ε
926 2581 1082 2621 Καλλίου
1104 2586 1164 2620 τοῦ

135 2642 324 2697 προτέρου,
343 2644 450 2696 quod
481 2651 644 2694 propter
668 2642 804 2694 epoch.
827 2642 876 2692 59
896 2643 1048 2680 nonnisi
1069 2642 1167 2693 lapi-

137 2702 233 2740 cidae
242 2716 373 2740 errore
384 2703 566 2753 scriptum
579 2715 661 2740 esse
673 2709 813 2752 potest.
828 2703 955 2749 Quare
963 2702 1165 2740 Boeckhius

137 2762 305 2799 restituit
323 2777 332 2800 ε
353 2765 412 2800 τοῦ
436 2760 607 2814 δευτέρου.
634 2761 796 2811 Proprie
815 2759 972 2811 quidem
991 2761 1054 2799 hic
1078 2762 1164 2800 Cal-

136 2820 205 2857 lias
221 2834 300 2858 non
317 2821 507 2859 secundus
531 2819 613 2871 ejus
630 2820 799 2858 nominis
816 2828 885 2867 est,
919 2820 984 2858 scd
1016 2822 1162 2859 tertius.

137 2881 281 2916 Verum
301 2893 420 2929 quum
437 2893 499 2931 ep.
517 2879 574 2928 ‚59
596 2877 766 2931 προτέρου
779 2907 789 2925 ,
815 2892 893 2915 11011
912 2877 1051 2932 πρώτου
1069 2881 1163 2918 scri-

138 2945 266 2987 ptum,
284 2946 415 2988 patere
447 2938 648 2977 Boeckhius
680 2938 751 2986 ait,
781 2939 933 2975 Parium
951 2939 1090 2989 epoch.
1114 2941 1161 2984 64

139 2996 304 3033 voluisse
330 2995 501 3050 δευτέρου.
525 3014 542 3031 α
566 3001 732 3035 Excuses
759 3010 852 3035 vero
879 2997 952 3034 hoc
985 2996 1162 3050 δευτέρου,

137 3055 282 3104 pergit,
302 3056 333 3093 si
354 3059 492 3094 Noster
516 3056 738 3093 archontem
768 3057 922 3106 Olymp.
954 3070 1021 3105 92,
1044 3071 1057 3093 1
1094 3071 1164 3107 pu—

138 3115 273 3152 taverit
293 3114 455 3153 Καλλέαν
478 3123 656 3152 vocatum
669 3145 680 3162 ,
700 3123 743 3152 ut
762 3115 809 3161 is,
825 3115 893 3165 qui
916 3128 978 3165 ep.
1003 3130 1052 3163 70
1071 3117 1164 3155 scri-

138 3181 226 3224 ptus
249 3183 327 3222 est,
358 3175 396 3212 in
426 3174 681 3213 marmoribus
712 3174 818 3212 audit
839 3174 1023 3223 Καλλέας,
1044 3177 1160 3215 credo

138 3232 244 3282 quod
277 3233 358 3283 ipsc
380 3233 435 3271 sic
457 3247 569 3271 suum
597 3234 760 3283 signavit
790 3247 953 3283 nomen;
976 3248 1102 3285 neque
1128 3236 1163 3273 ei

77 3344 80 3348 .
138 3293 376 3330 excusationi
406 3293 480 3330 hoc
500 3293 627 3331 obstat
653 3294 758 3345 quod
776 3295 914 3345 epoch.
932 3309 983 3343 70
1002 3295 1162 3348 δευτέρου

135 3364 214 3388 non
237 3352 455 3402 appositum
473 3367 480 3389 :
503 3353 647 3404 quippe
662 3353 702 3391 in
725 3353 784 3391 his
803 3354 904 3391 notis
921 3354 1162 3405 apponendis

2164 166 2241 202 587

1217 252 1295 278 non
1311 249 1491 280 constans
1510 245 1663 281 Noster.
1681 246 1924 295 Quamquam
1942 254 2070 285 autem
2088 247 2246 292 Καλλίας

1217 305 1256 334 et
1287 298 1451 343 Καλλέας
1482 314 1560 338 11011
1596 301 1747 340 diversa
1779 303 1937 342 nomina
1975 313 2088 353 sunt,
2120 314 2247 344 tamen

1218 366 1374 408 praestat
1394 360 1466 396 ista
1484 361 1697 408 excusatio,
1717 375 1833 413 quam
1849 376 1936 413 quae
1957 364 2044 402 voci
2059 364 2141 403 sive
2153 380 2248 418 προ-

1216 430 1317 468 τερου
1349 418 1427 455 sive
1457 418 1618 471 δευτέρου
1637 421 1876 471 explicandae
1893 423 2106 461 attulerunt
2124 424 2243 471 seld„

1219 475 1334 522 Pnid„
1353 478 1511 515 Stanlei.
1530 479 1578 516 ad
1604 481 1679 517 Vit.
1705 480 1896 531 AEschyli,
1925 495 1963 533 p.
1993 496 2084 534 712,
2101 483 2248 523 Corsin.

1219 537 1258 572 F.
1276 538 1321 573 A.
1342 539 1413 585 III,
1433 550 1470 588 p.
1491 539 1582 586 260,
1602 539 1724 576 relatu
1744 554 1823 578 non
1840 540 1967 592 digua.

1546 626 1680 674 Epoch.
1704 625 1767 663 65.
1787 639 1844 664 vs.
1866 640 1927 678 79.

1273 709 1332 744 De
1354 709 1504 747 Teleste
1526 711 1862 762 dithyramborum
1891 713 2082 765 scriptore
2098 729 2137 757 v.
2160 715 2252 754 Plu-

1221 766 1342 804 tarch.
1365 768 1488 808 Alex..
1498 784 1530 807 c.
1554 771 1591 818 8,
1614 771 1776 810 Diodor.
1801 773 1878 812 sic.
1897 775 1999 821 XIV,
2018 775 2081 820 46.

1514 865 1654 912 Epoclz.
1673 865 1736 903 66.
1748 878 1803 905 vs.
1824 865 1956 916 79—80.

1274 952 1467 987 Lacunam
1482 950 1676 1000 supplevit
1694 952 1855 991 Palmer.
1878 957 1936 991 De
1955 961 2066 992 aetate
2086 955 2254 993 Socratis

1222 1021 1309 1046 cum
1346 1011 1491 1046 Nostro
1525 1009 1670 1047 faciunt
1704 1011 1933 1061 Apollodor.
1965 1020 2003 1050 et
2033 1014 2254 1051 Demetrius

1223 1066 1428 1104 Phalereus
1463 1080 1526 1118 ap.
1560 1068 1671 1119 Diog.
1701 1071 1830 1107 Laert.
1868 1073 1926 1118 11,
1956 1071 2255 1116 44.Secundum

1223 1126 1422 1163 Platonem
1440 1126 1479 1164 in
1499 1127 1660 1178 Apolog.
1679 1131 1826 1166 Socrat.
1858 1142 1896 1179 p.
1931 1143 1992 1179 19,
2012 1133 2047 1167 D
2060 1158 2070 1175 ,
2091 1131 2256 1168 moritur

1224 1183 1286 1232 ἔτη
1324 1184 1475 1236 γεγονὼς
1493 1185 1604 1224 πλείω
1628 1185 1882 1237 ἑὸδομήκοντα.
1898 1191 2025 1237 Quare
2052 1190 2256 1228 Boeekhius

1223 1244 1368 1281 natales
1388 1245 1521 1282 nonin
1541 1246 1695 1296 Olymp.
1719 1260 1782 1295 77,
1799 1252 1835 1294 4,
1858 1246 1983 1284 sedin
2010 1261 2073 1295 77,
2097 1250 2117 1286 3
2142 1249 2200 1286 vel
2233 1263 2255 1286 2

1223 1303 1453 1353 rejiciendas
1473 1313 1595 1355 putat.
1615 1305 1692 1343 Sed
1720 1306 1846 1343 minus
1869 1306 2033 1356 diligens
2050 1307 2091 1344 in
2115 1308 2257 1346 talibus

1223 1362 1332 1400 Plato
1352 1375 1434 1401 esse
1455 1364 1564 1412 solet,
1582 1372 1625 1401 ut
1645 1372 1748 1402 recte
1771 1373 1902 1402 monet
1919 1365 2083 1404 Clinton.

1509 1458 1650 1508 Epoclz.
1669 1459 1733 1506 67.
1748 1471 1805 1496 vs.
1826 1460 1966 1497 80-81.

1278 1549 1441 1600 Recepit
1475 1550 1683 1587 Boeckhius
1719 1550 1900 1588 Palmerii
1943 1553 2256 1603 supplementum

1224 1614 1398 1665 quamvis
1417 1614 1628 1661 incertum;
1654 1615 1783 1660 literas
1809 1606 1910 1667 As',
1937 1630 2032 1667 quas
2049 1618 2201 1657 Selden.
2221 1628 2260 1658 et

1225 1683 1698 1732 Chandlerus.exhibent,
1730 1684 1791 1723 vel
1822 1677 1904 1737 ΑΙ,
1928 1694 1971 1724 ut
1990 1695 2048 1725 est
2068 1687 2107 1725 in
2138 1689 2259 1727 colla—

1225 1754 1329 1792 tione
1347 1753 1605 1802 Forsteriana,
1625 1756 1788 1793 mutavit
1804 1757 1845 1795 in
1874 1748 1976 1798 ΑΣ.
2003 1756 2164 1794 Palmer.
2187 1772 2256 1796 sua

1226 1813 1352 1851 hausit
1379 1826 1429 1850 ex
1450 1812 1611 1850 Diodor.
1636 1817 1741 1860 XIV,
1774 1817 1823 1860 43
1844 1830 1853 1853 :
1877 1814 2097 1867 Ἀστυδάμας
2127 1818 2144 1854 ὁ
2173 1833 2257 1870 τρα-

1224 1871 1462 1925 γῳδιογράφος
1492 1870 1571 1910 τότε
1604 1874 1742 1926 πρῶτον
1773 1874 2042 1925 (Aristocrate
2074 1876 2259 1914 archonte

1226 1931 1382 1982 Olymp.
1406 1931 1470 1980 95,
1494 1930 1532 1983 2)
1554 1930 1726 1980 ἐδίδαξεν,
1749 1931 1852 1980 ἔζησε
1872 1933 1908 1972 δὲ
1940 1932 2002 1981 ἔτη
2023 1932 2257 1980 ἑξήκοντα.-

1225 1991 1332 2028 Idem
1370 1989 1599 2039 Astydamas
1640 1990 1848 2030 mem'orari
1905 1993 2062 2031 videtur
2103 2008 2164 2045 cp.
2211 2009 2255 2042 71

1225 2050 1382 2100 Olymp.
1405 2063 1490 2095 101,
1514 2055 1556 2095 4;
1575 2058 1679 2088 certe
1698 2051 1793 2088 nihil
1817 2051 2010 2102 adjectum
2037 2060 2112 2100 est,
2137 2066 2215 2102 quo
2238 2067 2260 2091 a

1225 2110 1357 2160 priore
1381 2108 1652 2160 distinguatur.
1677 2110 1836 2148 Plurimi
1858 2119 1982 2149 tamen
1999 2124 2058 2163 ep.
2080 2125 2123 2157 71
2147 2116 2260 2162 Asty-

1225 2168 1445 2206 damantem
1478 2167 1674 2218 juniorem
1707 2169 1869 2221 intelligi
1901 2171 2050 2208 volunt.
2086 2173 2259 2209 Fuerunt

1225 2228 1326 2265 enim
1357 2227 1435 2264 duo
1470 2226 1585 2277 hujus
1621 2229 1787 2266 nominis
1817 2238 1966 2280 poetae:
1995 2242 2030 2266 v.
2051 2229 2177 2268 Schol.
2210 2231 2258 2268 ad

1224 2286 1424 2337 Aristoph.
1436 2288 1507 2323 Av.
1528 2287 1603 2323 282
1620 2300 1641 2324 a
1657 2288 1836 2326 Boeckhio
1857 2289 2101 2327 emendatum
2120 2304 2128 2326 :
2147 2288 2256 2340 Γεγό-

1224 2360 1304 2383 νασι
1322 2344 1359 2382 δὲ
1378 2345 1567 2389 Φιλοκλεῖς
1597 2344 1657 2383 δύο
1681 2347 1887 2400 τραγῳδιῶν
1903 2346 2069 2395 ποιηταί·
2092 2340 2140 2390 εἷς
2160 2346 2222 2398 μὲν
2239 2350 2258 2386 ὃ

1226 2403 1460 2447 Φιλοπείθους
1479 2404 1569 2453 υἱὸς,
1590 2403 1703 2459 ἕτερος
1720 2405 1757 2444 δὲ
1786 2409 1804 2445 ὁ
1831 2406 2049 2450 Φιλοκλέους
2074 2406 2255 2458 ἀπόγονος·

1226 2462 1358 2501 ἐκείνου
1378 2461 1441 2514 μὲν
1462 2462 1531 2517 γὰρ
1547 2459 1590 2512 ἧν
1607 2463 1803 2518 Μόρσιμος,
1822 2467 1862 2504 ἐκ
1879 2465 2003 2505 τούτου
2022 2465 2057 2504 δὲ
2074 2466 2255 2512 Φιλοκλῆς

1225 2521 1286 2560 καὶ
1314 2520 1428 2576 ἕτερος
1459 2521 1698 2575 Ἀστυδάμας,
1721 2527 1739 2563 ὃ
1760 2523 1852 2563 κατὰ
1881 2524 1943 2573 τὴν
1976 2523 2083 2572 αὐτὴν
2115 2524 2254 2571 ἡλικίαν

1227 2580 1506 2634 περιπεπτωκὼς
1524 2585 1575 2635 τῷ
1595 2582 1754 2637 νεωτέρῳ
1774 2585 1957 2624 Φιλοκλεῖ.
1982 2586 2040 2624 Cf.
2064 2585 2200 2622 Suidas
2214 2599 2252 2624 V.

1226 2639 1444 2691 Ἀστυδάμας
1461 2649 1548 2679 etv.
1564 2642 1720 2684 Σεαυτὸν
1731 2645 1893 2687 ἐπαινεῖς.
1910 2644 2037 2684 Schol.
2055 2644 2252 2696 Aristoph.

1225 2702 1322 2739 Rau.
1351 2700 1436 2747 151,
1454 2700 1566 2751 Diog.
1588 2704 1714 2739 Laert.
1735 2706 1784 2750 II,
1807 2703 1845 2749 5,
1873 2704 1933 2740 23.

1544 2791 1683 2839 Epoclz.
1710 2790 1772 2827 68.
1792 2803 1849 2828 vs.
1870 2791 1932 2827 81.

1278 2865 1321 2899 In
1368 2863 1542 2903 lectionis
1584 2866 1768 2904 varietate
1814 2866 2047 2904 Boeckhius:
2078 2882 2093 2899 «
2124 2879 2160 2904 v.
2199 2867 2248 2904 81

1224 2927 1376 2965 Selden.
1438 2920 1531 2970 ΑΦ
1537 2957 1814 2969 ................
1822 2923 1950 2972 ΜΕ.
1957 2920 2248 2984 Ρ.ΙΑΝΟΣ;

1224 2995 1426 3035 chandler
1468 2991 1698 3041 ΑΦΟΥΞ
1705 2993 1855 3043 ,ΛΟΣ
1861 3031 1959 3041 ......
1966 2994 2090 3043 ΜΕ.
2098 2993 2250 3043 .ΡΙΑ-

1228 3058 1659 3118 ΝΟΣ,Ι·“01”51611;11111
1676 3071 1785 3121 prior
1802 3072 1954 3109 collatio
1973 3084 2045 3122 pro
2071 3067 2247 3115 litera:
2207 3085 2247 3099 '⁸'

1223 3142 1370 3193 praebet
1395 3148 1438 3194 O,
1466 3143 1584 3180 altera
1616 3142 1728 3179 docet
1761 3155 1840 3179 non
1868 3143 2016 3194 liquere
2034 3143 2133 3182 sitne
2154 3147 2180 3176 O
2197 3157 2246 3181 an

1226 3206 1291 3267 Ξ,
1317 3223 1395 3251 tum
1417 3215 1455 3251 in
1479 3214 1542 3250 illa
1566 3212 1750 3250 dicuntur
1772 3212 2004 3252 oblitteratae
2023 3223 2170 3266 septem
2186 3216 2246 3254 vel

1223 3293 1312 3322 octo
1332 3285 1468 3323 litterae
1485 3297 1588 3332 esse,
1605 3291 1642 3320 et
1661 3282 1840 3334 deinceps
1864 3283 2027 3323 habetur
2055 3276 2185 3327 ΚΥΡ
2193 3277 2243 3327 Ρ

1223 3355 1432 3406 Composui
1453 3355 1534 3392 haec
1552 3354 1691 3395 onmia.
1712 3362 1858 3392 retenta
1879 3348 2056 3394 litera:
2017 3385 2071 3397 ...
2092 3367 2115 3392 1)
