2320 3684
843 140 1038 182 EPHORI
1067 144 1400 187 FRAGMENTA·

117 293 260 329 Seneca
277 294 363 328 Nat.
393 291 537 338 Quaest.
561 292 647 337 VII,
670 289 730 337 16,
758 288 941 327 adversus
960 303 1093 327 eorum

63 349 289 389 sententiam
312 362 501 403 pugnans,
515 348 582 401 qui
595 355 763 387 cometas
775 348 948 400 plurium
960 349 1093 387 stella-

63 423 150 448 rum
181 424 370 449 concursu
407 409 501 448 oriri
529 416 741 447 statuerant
767 421 776 444 ε
810 409 949 446 Contra
979 423 1094 460 argu-

61 479 224 507 mentum
258 471 392 507 dictum
424 478 489 514 cst,
524 477 651 505 contra
679 476 787 505 testes
813 469 1006 504 dicendum
1030 477 1094 506 est.

60 530 140 566 Nec
172 542 309 579 magna
339 531 521 565 molitione
548 528 779 564 denahenda
807 536 864 563 est
901 530 1096 564 auctoritas

59 588 208 637 Ephoro
223 588 438 624 :historicus
469 596 533 624 est.
626 587 728 624 Sicut
752 587 811 622 hic
836 587 1009 623 Cometen
1033 590 1098 636 qui

59 652 220 684 omnium
255 650 464 684 mortalium
485 649 595 684 oculis
619 647 816 683 custoditus
837 655 903 691 cst,
925 649 1013 695 quia
1033 649 1093 683 in-

56 710 175 756 gentis
189 710 243 743 rei
255 710 373 743 traxit
383 714 543 752 eventus,
565 719 647 742 cum
662 708 816 742 Helicen
833 714 872 742 et
879 707 998 742 Burin
1015 715 1095 742 ortu

57 778 122 801 suo
140 769 278 810 mersit,
301 769 368 802 ait*>
378 767 440 802 ille
452 766 655 801 discessisse
669 768 705 801 in
720 766 814 800 duas
829 766 954 801 stellas
964 778 979 809 ;
998 766 1098 813 quod

54 834 198 872 praeter
214 826 317 861 illum
336 837 443 861 nemo
469 826 630 861 tradidit.
667 841 683 857 α
704 826 813 862 Hanc
850 823 1092 872 senteutiam,

59 890 125 919 aut
163 881 276 919 fallor
323 890 393 920 aut
444 882 602 933 respicit
655 882 881 920 Ammianus
925 882 1092 920 Marcel-

57 940 159 979 linus
176 944 305 988 XXV,
330 954 389 990 10,
407 940 474 979 ubi
491 941 540 979 de
562 941 746 979 cometis:
768 942 928 989 Quidam
945 955 1005 979 eos
1027 943 1094 979 hoc

56 1005 203 1037 nomine
215 1002 294 1038 idco
307 1004 524 1038 existimant
540 1003 739 1051 appellari,
757 1002 856 1050 quod
870 1010 979 1038 tortos
993 1006 1094 1053 ignes

55 1069 236 1110 spargunt
263 1069 307 1097 ut
321 1064 451 1105 crines,
482 1064 520 1097 in
548 1073 661 1097 unum
689 1063 804 1097 stellis
833 1061 1093 1110 multiplicibus

55 1122 291 1170 congregatis.
321 1119 468 1170 Ephori
502 1119 631 1157 locum
649 1118 701 1157 ob
721 1127 977 1158 memoratum
993 1120 1093 1159 dua-

54 1190 141 1215 rum
161 1177 316 1216 urbium
331 1192 476 1229 casum,
495 1186 606 1217 terrae
625 1186 746 1226 motu,
763 1178 956 1230 marisque
971 1179 1092 1217 inun-

55 1235 212 1275 datione
229 1237 506 1285 absumtarum,
544 1237 620 1275 huc
648 1237 848 1276 collocavi.
882 1239 1012 1276 Marx.
1031 1239 1088 1278 Cf.

53 1295 193 1335 Strabo
213 1300 300 1345 VII,
318 1311 356 1348 p.
378 1297 471 1346 596;
492 1296 657 1335 Diodor.
677 1300 781 1345 XIV,
804 1297 865 1342 48.

531 1355 615 1393 143.

107 1413 332 1452 Plutarchus
347 1417 404 1452 De
418 1414 591 1465 garrulit.
638 1427 723 1465 cap.
761 1427 823 1463 αα,
844 1428 882 1466 p.
911 1415 998 1463 514,
1025 1419 1054 1454 C
1079 1431 1088 1454 ε

53 1473 160 1511 Ferri
197 1487 275 1511 non
310 1487 425 1524 posse
464 1473 710 1511 ambitiosam
739 1473 895 1512 illorum
947 1488 1088 1526 garru—

54 1531 221 1581 litatem,
261 1533 328 1583 qui
364 1545 424 1570 res
462 1532 654 1570 obsoletas
697 1541 736 1571 et
785 1547 856 1571 usu
905 1534 1089 1584 protritus

52 1591 136 1629 aliis
151 1590 362 1630 obtrudere
380 1593 550 1643 cupiant.
572 1591 633 1635 Ὡς
648 1593 718 1629 τῶν
734 1591 915 1645 παρ’-ἡμῖν
933 1608 985 1636 τις
997 1592 1088 1631 κατὰ

51 1649 161 1701 τύχην
195 1649 400 1703 ἀνεγνωκὼς
423 1650 483 1689 δύο
507 1652 576 1688 τῶν
596 1649 747 1704 Ἐφόρου
773 1650 918 1703 βιὸλίων
938 1650 960 1698 ἢ
986 1652 1087 1705 τρία,

52 1710 186 1756 πάντας
195 1711 395 1764 ἀνθρώπους
410 1710 594 1765 κατέτριὸε
605 1710 666 1749 καὶ
679 1717 750 1749 πᾶν
763 1710 959 1750 ἀνάστατον
977 1712 1087 1751 ἐποίει

52 1769 259 1822 συμπόσιον,
277 1770 330 1809 ἀεὶ
347 1768 410 1818 τὴν
426 1771 460 1808 ἐν
476 1769 670 1822 Λεύκτραις
682 1769 802 1823 μάχην
816 1770 876 1808 καὶ
894 1769 939 1808 τὰ
955 1775 1085 1823 συνεχῆ

52 1828 296 1881 διηγούμενος·
317 1828 392 1868 ὅθεν
414 1828 690 1881 Ἐπαμινώνδας
724 1828 950 1883 παρωνύμιον
969 1829 1083 1883 ἔσχεν.

103 1889 303 1940 Ephorum
325 1888 485 1927 habebis
522 1889 563 1926 in
590 1888 753 1927 Diodor.
774 1892 862 1938 XV,
886 1890 948 1927 55.

524 1947 611 1985 144.

103 2008 300 2046 Diodorus
316 2011 405 2056 XV,
433 2008 503 2045 60:
529 2006 655 2045 Ἰάσων
690 2009 708 2045 ὁ
737 2009 910 2060 Φεραῖος,
939 2006 1083 2058 ἡγεμὼν

49 2065 221 2119 ᾑρημένος
233 2069 296 2114 τῆς
315 2065 532 2115 Θετταλίας,
559 2065 618 2104 καὶ
639 2066 749 2105 δοκῶν
773 2067 935 2110 ἐπιεικῶς
962 2065 1082 2119 ἄρχειν

48 2127 116 2164 τῶν
137 2124 442 2176 ὑποτεταγμένων,
464 2124 700 2179 ἐδολοφονήθη
716 2155 726 2173 ,
763 2127 809 2170 ὡς
839 2125 901 2177 μὲν
929 2124 1084 2179 Ἔφορος

51 2183 236 2240 γέγραφεν,
252 2183 320 2223 ὑπό
336 2200 440 2223 τινων
460 2184 549 2223 ἑπτὰ
573 2184 765 2223 νεανίσκων
786 2183 1081 2236 συνομοσαμένων

48 2243 146 2291 δόξης
166 2243 284 2283 ἕνεκα·
307 2246 354 2288 ὡς
373 2243 403 2282 δ’
422 2243 506 2283 ἔνιοι
526 2244 732 2299 γράφουσιν,
764 2243 832 2282 ὑπὸ
867 2242 1082 2296 Πολυδώρου

47 2304 229 2358 τάδελφοῦ.

87 2509 136 2539 lta
149 2507 283 2548 quidam
299 2507 387 2549 apud
402 2516 462 2539 nos
476 2532 486 2548 ‚
514 2516 617 2548 quum
649 2507 732 2540 forte
756 2507 886 2539 fortuna
910 2506 994 2539 duos
1019 2508 1076 2538 aut

45 2555 109 2587 tres
135 2554 265 2596 legisset
280 2554 401 2595 Ephori
423 2554 535 2591 libros,
553 2563 665 2586 omnes
685 2554 888 2586 obtundebat
901 2554 1050 2586 homines
1063 2577 1072 2593 ‚

44 2602 77 2634 et
90 2601 198 2634 omnia
212 2602 365 2634 convivia
387 2601 595 2643 devastabat,
623 2611 750 2643 semper
778 2601 980 2633 Leuctricam
1015 2609 1073 2642 pu—

45 2656 151 2691 gnam,
163 2650 196 2681 et
210 2658 284 2692 quae
301 2652 479 2690 sequuntur
494 2659 628 2684 narrans
646 2660 654 2682 ε
672 2649 760 2683 unde
774 2648 1009 2693 Epaminondae
1021 2657 1075 2680 co·

45 2699 255 2736 guomentum
269 2696 298 2729 ei
316 2696 439 2729 sactum
458 2697 532 2729 suit.

84 2799 180 2830 Iason
194 2798 360 2838 Pheraeus‚
377 2807 476 2839 quem
492 2798 637 2831 Thessali
651 2798 768 2831 ducem
790 2798 853 2831 sibi
869 2806 972 2839 nuper
985 2806 1075 2831 crea-

44 2846 167 2884 verant,
186 2854 372 2887 quanquam
395 2846 560 2879 moderate
580 2855 618 2878 ac
633 2846 818 2878 humaniter
835 2845 976 2877 subditis
993 2854 1073 2887 prae-

44 2898 114 2924 esse
128 2892 305 2930 videretur,
324 2902 343 2925 a
358 2895 481 2934 septem
497 2893 757 2925 adolescentibus
781 2892 978 2933 quibusdam
991 2916 1000 2932 ,
1016 2892 1073 2933 qui

44 2938 153 2979 gloriae
170 2948 269 2972 causa
288 2940 372 2973 inter
384 2949 419 2973 se
441 2942 703 2981 conjuraverant,
721 2941 759 2972 ut
773 2941 924 2981 Ephorus
943 2940 1073 2981 prodit,

44 2985 95 3017 vel
113 2987 150 3019 ut
169 2986 224 3018 alii
245 2986 411 3027 scribunt,
433 2996 452 3019 a
479 2987 642 3028 Polydoro
661 2987 780 3027 fratre,
809 2996 865 3028 per
889 2986 1001 3019 dolum
1018 2986 1073 3018 ob·

43 3032 209 3066 truncatus
224 3033 295 3067 fuit.

316 3106 456 3146 LIBRI
491 3108 586 3146 XXI
596 3129 642 3135 -
653 3107 796 3146 XXIX.

83 3244 303 3286 Chrysopolis,
325 3255 427 3288 prope
455 3248 694 3282 chalcedonem
711 3249 745 3281 in
768 3249 930 3290 Bithynia,
949 3248 1072 3281 renavi-

42 3291 130 3332 ganti
142 3292 183 3323 ad
197 3291 374 3325 dexteram.
388 3295 537 3335 Ephorus
552 3296 647 3328 tertio
663 3298 697 3329 et
709 3297 866 3329 vicesimo
883 3308 890 3326 ι
907 3295 1073 3328 «Tradere

42 3337 332 3371 Chalcedoniorum
346 3341 559 3383 chrysopolin
588 3344 718 3376 sociis.»
738 3346 780 3376 Et
794 3345 1023 3384 Theopompus
1038 3342 1071 3373 in

42 3384 160 3418 Rerum
176 3386 412 3420 Hellenicarum
427 3389 532 3429 primo
550 3400 557 3421 :
579 3403 595 3418 α
609 3391 740 3424 Revecti
757 3394 834 3424 suut
848 3391 883 3423 in
899 3390 1071 3424 Chalcedo-

165 3445 189 3475 F
191 3452 359 3475 utrumnum
382 3447 627 3479 Hisromconum.

2112 161 2185 195 273

1421 237 1561 277 LIBRI
1598 239 1691 278 XXI
1710 260 1762 267 —-
1781 239 1922 279 XXlX.

1622 338 1706 379 145.

1206 416 1445 465 Stephanus:
1468 418 1710 471 Χρυσόπολις,
1728 419 1878 467 πλησίον
1907 421 2133 469 Χαλκηδόνος
2151 424 2185 461 ἐν

1157 472 1299 526 Βιθυνίᾳ
1313 503 1324 522 ,
1353 474 1411 513 τὸν
1448 476 1626 516 ἀνάπλουν
1655 478 1798 518 πλέοντι
1832 481 1867 518 ἓν
1899 479 2005 534 δεξιᾷ,
2034 480 2187 536 Ἔφορος

1153 532 1301 585 εἰκοστῷ
1313 532 1422 586 τρίτῳ
1431 549 1439 558 ·
1462 552 1477 568 «
1491 537 1718 590 Παραδοῦναι
1727 537 1792 586 τὴν
1804 539 2070 587 Χαλκηδονίων
2082 543 2161 595 Χρυ
2170 566 2185 570 -

1153 589 1296 629 σόπολιν
1314 597 1386 635 τοῖς
1405 601 1644 647 συμμαχοῖς.»
1674 597 1744 636 Καὶ
1765 597 1977 650 Θεόπομπος
1995 600 2030 638 ἐν
2055 599 2186 654 πρώτῳ

1152 649 1390 698 Ἑλληνικῶν·
1411 651 1631 706 Ἇνῆχθησαν
1653 657 1699 699 εἷς
1724 657 1939 705 Χαλκηδόνα
1963 658 2024 697 καὶ
2048 659 2186 707 Βυζάν-

1151 723 1223 748 τιον
1245 708 1336 760 μετὰ
1354 713 1414 748 τοῦ
1437 711 1560 751 λοιποῦ
1575 713 1855 768 στρατεύματος,
1874 715 2078 769 βουλόμενοι
2091 718 2187 771 Χρυ-

1151 766 1296 807 σόπολιν
1310 775 1516 821 κατασχεῖν.

1205 827 1314 866 Idem
1331 843 1340 865 :
1359 828 1514 882 Βουφία,
1531 828 1637 881 κώμη
1655 834 1716 878 τῆς
1739 833 1934 879 Σικυωνίας
1945 862 1954 879 ,
1971 833 2122 889 Ἔφορος
2139 837 2186 876 εἰ-

1151 889 1267 940 κοστῷ
1286 885 1406 941 τρίτῳ.
1429 887 1482 927 Τὸ
1505 887 1636 927 ἐθνικὸν
1652 891 1830 946 Βουφιεύς.

1629 966 1715 1003 146.

1205 1036 1422 1087 Stephanus
1446 1035 1588 1088 εΔύμη,
1620 1039 1639 1075 ὃ
1673 1037 1819 1085 πολίτης
1837 1041 2002 1091 Δυμαῖος.
2029 1040 2183 1094 Ἔφορος

1150 1092 1205 1132 κδ]
1216 1109 1225 1118 ·
1247 1112 1262 1129 «
1274 1094 1574 1148 Παραγενομένης
1593 1095 1630 1134 δὲ
1641 1099 1704 1143 τῆς
1724 1104 1889 1150 στρατιᾶς
1903 1100 1950 1142 εἰς
1964 1098 2027 1146 τὴν
2044 1098 2184 1151 Δύμην,

1150 1155 1181 1191 οἱ
1198 1155 1351 1205 Δυμαῖοι
1389 1154 1675 1207 καταπλαγέντες
1691 1175 1706 1190 n
1801 1160 1915 1196 Forte
1935 1158 1983 1195 ad
2013 1159 2114 1197 hunc
2159 1161 2183 1197 l.

1149 1215 1320 1264 pertinet
1335 1215 1500 1253 Diodori
1518 1216 1689 1253 narratio
1727 1219 1812 1264 XV,
1840 1217 1903 1267 75,
1937 1218 2000 1257 ubi
2029 1220 2185 1269 Epami-

1149 1272 1298 1310 nondas
1322 1273 1464 1311 dicitur
1483 1271 1574 1325 μετὰ
1598 1272 1780 1325 δυνάμεως
1806 1273 1971 1326 ἓμὸαλὼν
1997 1278 2044 1319 εἷς
2063 1278 2183 1316 Πελο-

1148 1330 1321 1378 πόννησον
1336 1330 1504 1383 ...Δύμην
1519 1332 1780 1386 φρουρουμένην
1799 1334 1859 1372 ὑπ’
1877 1334 2028 1387 Ἀχαιῶν
2046 1335 2185 1374 ἐλευθε-

1123 1390 1126 1393 ’
1150 1393 1272 1445 ρῶσαι.
1302 1394 1432 1429 Mirm.

1607 1464 1681 1502 146
1704 1478 1737 1502 a.

1201 1534 1359 1584 Diogen.
1376 1537 1504 1573 Laert.
1529 1537 1580 1584 ΙΙ,
1610 1535 1656 1578 54
1677 1551 1685 1572 :
1708 1534 1753 1573 Ὁ
1775 1533 1810 1572 δὲ
1838 1536 1992 1588 Γρύλλος
2013 1536 2186 1588 τεταγμέ-

1146 1606 1203 1636 νος
1216 1590 1309 1631 κατὰ
1326 1590 1405 1636 τοὺς
1420 1591 1550 1637 ἱππέας
1571 1587 1627 1645 (ἦν
1646 1592 1686 1632 δὲ’
1700 1596 1722 1640 ἡ
1745 1592 1844 1646 μάχη
1858 1594 1938 1648 περὶ
1954 1594 2184 1647 Μαντίνειαν)

1149 1652 1302 1704 ἰσχυρῶς
1321 1651 1582 1703 ἀγωνισάμενος
1600 1652 1837 1702 ἐτελεύτησεν,
1854 1655 1902 1697 ὡς
1917 1652 2069 1708 Ἔφορος
2089 1655 2124 1692 ἐν
2138 1657 2182 1706 τῇ

1144 1709 1290 1763 πέμπτῃ
1314 1710 1376 1748 καὶ
1399 1712 1554 1764 εἰκοστῇ.

1622 1787 1709 1826 147.

1197 1856 1415 1907 Stephanus
1433 1871 1440 1894 :
1464 1856 1693 1911 Κασσάνορος
1724 1858 1983 1912 (Κασσάνωρος
2005 1860 2182 1912 Berkel.)‚

1142 1913 1243 1959 πόλις
1269 1914 1485 1966 Αἰγυπτίας,
1504 1910 1545 1963 ἧς
1565 1915 1743 1967 μέμνηται
1761 1916 1914 1971 Ἔφορος
1935 1916 2002 1962 κς’.

1618 1987 1702 2025 148.

1197 2065 1416 2115 Stephanus
1436 2079 1443 2102 ε
1466 2063 1648 2118 Ζηράνιοι,
1669 2063 1762 2108 ἔθνος
1782 2064 1940 2118 Θρᾴκης.
1966 2065 2180 2117 Θεόπομπος

1142 2125 1289 2177 εἰκοστῷ
1308 2123 1474 2176 πέμπτῳ.
1496 2123 1569 2163 Καὶ
1582 2123 1742 2177 Ζηρανία
1755 2154 1764 2170 ,
1788 2124 1845 2162 ἐπὶ
1863 2127 1925 2171 τῆς
1939 2124 2057 2178 χώρας
2074 2124 2180 2178 ’Ἐφο-

1143 2198 1198 2236 ρος
1232 2184 1379 2235 εἰκοστῷ
1397 2182 1546 2235 ἑὸδόμῳ.
1569 2184 1627 2221 Cf.
1655 2197 1690 2220 v.
1713 2182 1869 2236 Ζειρινία
1888 2193 1927 2222 et
1950 2186 2108 2223 Wessel.
2132 2185 2179 2222 ad

1142 2242 1310 2280 Diodor.
1325 2245 1431 2290 XVI,
1447 2242 1510 2291 52,
1530 2256 1567 2293 p.
1586 2244 1671 2280 123.

1193 2301 1317 2339 Idem:
1331 2299 1504 2352 Βύμαζος,
1524 2299 1627 2344 πόλις
1641 2301 1819 2340 Παιόνων·
1837 2301 1990 2355 ’Ἔφορος
2008 2300 2071 2346 κζ’,

1137 2455 1212 2478 nem
1228 2448 1261 2478 et
1275 2445 1468 2487 Byzantium
1483 2454 1560 2478 cum
1581 2445 1708 2487 reliquo
1723 2446 1882 2487 exercitu,
1905 2445 2052 2479 volentes
2069 2446 2155 2487 Chry
2167 2462 2176 2467 -

1135 2493 1261 2535 sopolin
1275 2493 1430 2526 obtinere.
1444 2506 1459 2521 »

1176 2541 1311 2582 Rupilia,
1330 2540 1424 2572 vicus
1440 2540 1612 2582 Sicyoniae,
1626 2543 1758 2573 auctore
1774 2540 1905 2584 Ephoro
1915 2540 1997 2574 libro
2013 2539 2169 2574 vicesimo

1137 2588 1244 2621 tertio.
1263 2588 1391 2620 Gentile
1406 2588 1615 2630 Buphiensis.

1178 2683 1295 2723 Dyma,
1312 2682 1394 2714 civis
1424 2684 1592 2724 Dymaeus.
1614 2637 1772 2725 1Edpliorus
1794 2682 1875 2714 libro
1900 2683 2015 2722 quarto
2030 2682 2063 2713 et
2084 2681 2167 2722 vige-

1136 2729 1219 2762 simo
1238 2740 1246 2761 :
1266 2743 1282 2758 ιι
1299 2730 1452 2762 Immisso
1470 2733 1579 2762 autem
1595 2729 1629 2761 in
1654 2732 1794 2770 Dymam
1815 2728 1978 2769 regionem
2002 2728 2168 2768 exercitu,

1136 2777 1263 2818 Dymaei
1276 2780 1395 2810 terrore
1412 2777 1553 2819 perculsi
1641 2789 1658 2806 ι»

1177 2871 1309 2913 Gryllus
1339 2871 1576 2913 (Xenophontis
1584 2825 1814 2910 1slliiOEiJsia,-inter
1841 2869 1967 2910 equites
1992 2868 2170 2902 collocatus

1135 2919 1168 2951 in
1184 2928 1292 2960 pugna
1305 2920 1391 2961 apud
1407 2919 1618 2958 Mantineam,
1635 2917 1760 2949 sortiter
1769 2925 1915 2957 pugnans
1937 2916 2038 2949 vitam
2052 2916 2170 2957 finivit,

1137 2968 1172 2998 ut
1188 2967 1338 3008 Ephorus
1356 2966 1435 2999 dicit
1457 2966 1539 2997 libro
1562 2965 1716 2996 vicesimo
1731 2963 1854 3005 quinto.

1177 3063 1400 3099 cassanorus‚
1430 3059 1508 3091 urbs
1521 3013 1702 3100 AEgypltiiiz·
1718 3058 1812 3100 cuius
1837 3059 1986 3091 meminit
2013 3059 2165 3100 Ephorus

1134 3107 1218 3139 libro
1231 3109 1323 3139 sexto
1338 3109 1370 3139 et
1385 3106 1552 3138 vicesimo.

1176 3201 1313 3240 Zeranii‚
1330 3209 1408 3241 gens
1421 3199 1578 3236 Thraciae,
1591 3153 1899 3242 ῒὲέίξᾞιθοροωρο
1911 3200 1995 3233 libro
2007 3200 2121 3242 quinto
2133 3204 2166 3234 et

1133 3247 1300 3279 vicesimo.
1319 3249 1362 3280 Et
1378 3248 1512 3280 Zerania
1536 3247 1577 3280 de
1604 3247 1732 3288 regione
1747 3247 1868 3280 dicitur
1883 3248 1971 3289 apud
1995 3249 2162 3290 Ephorum

1133 3294 1217 3326 libro
1231 3296 1369 3336 septimo
1384 3298 1416 3327 et
1434 3295 1602 3327 vicesimo.

1132 3390 1165 3422 et
1174 3344 1346 3422 Ινὶγαιέἒίφιῗέ,
1364 3343 1441 3376 urbs
1458 3345 1626 3383 Paeonum,
1640 3346 1771 3377 auctore
1786 3345 1916 3386 Ephoro
1927 3345 2009 3377 lihro
2025 3345 2161 3387 septimo

2012 3449 2048 3478 18
