2320 3684
162 192 238 226 336

869 173 1172 216 PHYLARCHI
1198 170 1519 212 FRAGMENTA
1527 199 1536 207 .

159 273 279 322 πλέον,
297 265 361 312 εἶθ’
386 269 534 325 ἑσπέρας
559 268 665 307 πάλιν
695 263 969 320 ἀφυπνιζόμενον
997 260 1182 301 ἐπιπίνειν.
1245 259 1350 298 denti
1368 259 1615 325 conjunctum
1636 259 1752 325 fuisse
1772 259 1909 298 videri.
1929 263 1983 297 De
2002 259 2184 298 Phariaco
2203 274 2272 299 ve-

159 329 403 385 Ἔχρημάτιζέ
425 345 480 378 τε,
497 327 601 381 φησὶ,
621 325 738 379 νήφων
772 322 835 375 μὲν
870 320 1007 376 βραχέα
1040 318 1188 367 τελέως,
1245 330 1345 356 neno
1366 318 1590 357 Schne1der.
1611 318 1659 355 ad
1679 321 1762 356 Nlc.
1782 318 1891 355 Alex.
1915 318 2006 367 398.

160 390 296 444 μεθύων
320 389 357 428 δὲ
385 389 430 428 τὰ
449 385 575 426 πολλά.
608 383 672 423 Διὸ
704 382 786 436 περὶ
816 381 919 420 αὐτὸν
953 379 1014 419 δύο
1046 373 1136 427 ἦσαν
1157 381 1188 418 οἱ

160 450 366 491 διοικοῦντες
397 446 460 493 τὴν
496 441 688 496 βασιλείαν,
716 440 874 494 Ἄριστος
908 439 968 478 καὶ
1006 437 1188 490 Θεμίσων,

160 507 316 561 Κύπριοι
337 505 399 557 μὲν
419 503 517 556 γένος
535 501 594 541 καὶ
613 500 774 554 ἀδελφοὶ,
790 498 958 554 ἐρώμενοι
975 497 1013 537 δὲ
1034 495 1189 551 ἀμφότε-

161 582 214 621 ροι
230 570 290 605 τοῦ
310 562 499 616 Ἀντιόχου.

215 625 272 664 Cf.
292 624 430 662 AElian.
454 624 502 660 V.
523 624 569 659 H.
592 621 650 668 ΙΙ,
672 624 734 663 41.
761 617 934 656 Dubium
960 624 1038 664 est,
1060 623 1190 654 utrum

160 683 372 722 Antiochus
411 684 542 727 Soter,
581 687 623 716 ut
668 677 1037 728 Schweighaeuserus
1082 675 1164 713 vult
1181 703 1190 720 ,

161 756 209 780 an
230 755 316 779 cum
335 739 548 778 Niebuhrio
580 739 738 790 (Opusc.
760 751 799 788 p.
825 736 915 787 268)
930 734 1141 774 Antiochus
1158 734 1193 771 11

160 804 266 839 Deus
289 798 560 850 intelligendus
576 797 638 835 sit.
659 800 718 835 De
735 796 966 835 Themisone
985 793 1031 831 cf.
1052 793 1190 832 Athen.

161 863 247 908 VII,
266 872 305 910 p.
329 859 419 908 289,
439 860 480 896 F.

661 917 698 952 8.

215 976 416 1015 Athenaeus
430 977 496 1020 VI,
506 974 568 1022 58,
579 987 618 1024 p.
629 972 720 1019 251,
732 974 781 1010 C:
797 968 987 1023 Φύλαρχος
1004 967 1040 1006 δὲ
1057 969 1091 1007 ἐν
1104 966 1194 1019 ἕκτῳ

161 1033 340 1088 Ἱστοριῶν
349 1031 524 1080 Νικησίαν
539 1030 623 1086 φησὶ
638 1030 694 1069 τὸν
704 1028 925 1081 Ἀλεξάνδρου
943 1028 1066 1080 (Epiri
1078 1027 1195 1088 regis)

162 1092 298 1132 κόλακα
310 1092 522 1143 θεασάμενον
539 1090 596 1129 τὸν
617 1088 763 1142 βασιλέα
778 1085 1067 1141 σπαρασσόμενον
1085 1085 1140 1139 ὑφ’
1157 1089 1195 1124 οὓ

164 1152 297 1206 εἰλήφει
308 1150 493 1206 φαρμάκου
505 1151 625 1198 εἰπεῖν,
635 1143 684 1188 Ὦ
697 1149 855 1200 βασιλεῦ,
865 1146 899 1185 τί
911 1147 960 1184 δεῖ
970 1151 1080 1184 ποιεῖν
1089 1148 1195 1196 ἡμᾶς,

163 1210 221 1250 ὅτε
244 1211 303 1250 καὶ
321 1213 418 1263 ὑμεῖς
432 1212 463 1248 οἱ
480 1209 549 1247 θεοὶ
566 1211 712 1247 τοιαῦτα
729 1205 905 1259 πάσχετε,
935 1204 995 1243 καὶ
1017 1203 1075 1242 τὸν
1100 1202 1198 1242 Ἀλέ-

165 1269 308 1323 ξανδρον
335 1269 434 1321 μόλις
448 1266 716 1321 ἀναὸλέψαντα,
735 1267 840 1305 Ποῖοι
864 1263 934 1302 θεοί
945 1280 955 1312 ;
985 1265 1113 1316 φῆσαι·
1131 1276 1198 1314 φο-

165 1328 297 1380 ὅοῧμαι
317 1327 367 1379 μὴ
385 1333 455 1371 τοῖς
468 1330 593 1365 θεοῖσιν
613 1324 743 1379 ἐχθροί.
759 1327 818 1362 De
831 1322 983 1362 Nicesia
995 1322 1043 1359 cf.
1058 1321 1196 1359 Athen.

164 1401 205 1438 p.
225 1393 315 1437 249,
340 1390 385 1424 D.
665 1443 690 1480 9

220 1505 422 1543 Athenaeus
446 1504 522 1550 111,
545 1514 659 1553 21,p.
680 1501 743 1549 81,
760 1503 791 1538 E
808 1513 816 1536 ε
833 1498 1024 1552 Φύλαρχος
1046 1498 1075 1537 δ’
1102 1499 1137 1537 ἐν
1154 1500 1198 1550 τῇ

167 1562 251 1615 ἕκτῃ
271 1564 341 1600 τῶν
361 1561 538 1614 Ἱστοριῶν
558 1558 603 1597 τὰ
620 1557 773 1597 κυδώνιά
789 1573 876 1612 φησι
893 1559 991 1609 μῆλα
1007 1562 1051 1611 τῇ
1076 1556 1201 1611 εὐωδίᾳ

167 1622 227 1661 καὶ
243 1621 305 1664 τὰς
334 1622 403 1658 τῶν
433 1617 637 1669 θανασίμων
659 1617 855 1671 φαρμάκων
877 1617 1041 1669 δυνάμεις
1076 1619 1199 1668 ἀπαμ-

168 1681 316 1720 ὅλύνειν.
337 1680 390 1720 Τὸ
415 1683 496 1732 γοῦν
524 1677 709 1732 Φαριακὸν
727 1677 912 1731 φάρμακον
933 1675 1108 1728 ἒμὸληθέν
1129 1692 1200 1730 φη-

170 1756 223 1779 σιν
245 1741 291 1783 εἷς
310 1739 427 1793 ῥίσκον
448 1737 499 1776 ἔτι
521 1735 676 1776 ὀδωδότα
702 1737 771 1775 ἀπὸ
795 1739 856 1783 τῆς
882 1738 951 1774 τῶν
982 1735 1104 1787 μήλων
1122 1734 1202 1774 τού-

169 1814 238 1836 των
269 1797 460 1841 συνθέσεως
495 1795 652 1843 ἐξίτηλον
680 1794 861 1846 γενέσθαι,
892 1793 942 1845 μὴ
960 1797 1118 1848 τηρῆσαν
1137 1793 1200 1842 τὴν

170 1855 260 1894 ἰδίαν
282 1855 446 1907 δύναμιν·
464 1852 630 1908 κερασθὲν
648 1856 730 1904 γοῦν
751 1852 810 1891 καὶ
831 1852 925 1891 δοθὲν
951 1859 1041 1891 πιεῖν
1058 1859 1130 1897 τοῖς
1157 1854 1203 1896 εἷς

172 1918 274 1953 τοῦτο
291 1915 534 1968 ἐνεδρευθεῖσιν
555 1915 699 1955 ἀπαθεῖς
717 1910 841 1955 αὐτοὺς
858 1911 1079 1964 διατηρῆσαι.
1100 1911 1204 1950 Ἐπι-

172 1975 371 2025 γνωσθῆναι
400 1972 437 2010 δὲ
456 1976 558 2010 τοῦτο
589 1971 730 2024 ὕστερον
762 1969 797 2015 ἐξ
834 1969 1047 2023 ἀνακρίσεως
1074 1973 1135 2008 τοῦ
1164 1969 1204 2008 τὸ

173 2038 358 2092 φάρμακον
374 2036 602 2084 πωλήσαντος
620 2035 681 2074 καὶ
697 2033 893 2086 ἐπιγνόντος
905 2033 945 2072 τὸ
960 2033 1144 2086 γενόμενον
1165 2035 1205 2072 ἐκ

173 2099 237 2144 τῆς
251 2099 321 2135 τῶν
348 2095 470 2148 μήλων
492 2094 695 2139 συνθέσεως.

1304 427 1502 466 Athenaeus
1523 431 1584 477 X,
1604 429 1667 478 59,
1688 442 1727 479 p.
1758 434 1847 476 442,
1864 430 1911 466 C:
1929 427 2120 482 Φύλαρχος
2138 429 2172 466 ἐν
2192 427 2276 482 ἕκτῃ

1251 485 1479 535 Βυζαντίους,
1511 485 1716 539 οἰνόφλυγας
1752 485 1873 535 ὄντας,
1911 487 1946 524 ἐν
1979 492 2051 530 τοῖς
2075 486 2279 534 καπηλείοις

1249 547 1369 594 οἰκεῖν,
1397 543 1684 596 ἐκμισθώσαντας
1705 543 1782 588 τοὺς
1811 546 1943 583 ἑαυτῶν
1979 543 2157 595 θαλάμους
2189 544 2280 596 μετὰ

1248 608 1318 645 τῶν
1336 607 1510 657 γυναικῶν
1525 611 1596 648 τοῖς
1609 604 1715 650 ξένοις
1727 620 1735 628 ·
1753 604 1924 656 πολεμίας
1941 604 2133 655 σάλπιγγος
2150 604 2223 642 οὐδ’
2242 605 2278 643 ἐν

1250 663 1369 707 ὕπνοις
1387 661 1625 714 ὑπομένοντας
1644 664 1806 700 ἀκοῦσαι.

1254 731 1256 733 ’
1303 723 1526 761 Eustathius
1544 721 1592 759 ad
1611 721 1718 759 Iliad.
1740 735 1779 772 p.
1806 726 1919 768 1242,
1956 726 2004 765 4ο
2020 735 2028 758 :
2046 718 2232 767 Μνηστέον
2251 719 2281 758 δ’

1251 781 1286 819 ἓν
1305 779 1439 823 τούτοις
1461 779 1522 818 καὶ
1538 778 1591 817 ὅτι
1615 778 1807 831 Φύλαρχος
1827 777 1966 831 ἔσκωψέ
1986 793 2065 816 τινα
2088 780 2135 821 ὡς
2157 776 2283 816 ἀπόλε-

1252 854 1331 890 μον,
1354 836 1460 876 εἷπὼν
1479 837 1727 890 παροιμιωδῶς
1749 836 1789 875 τὸ
1805 836 1975 887 πολεμίας
1994 836 2186 887 σάλπιγγος
2211 834 2283 874 οὐδ’

1250 899 1287 936 ἐν
1316 896 1434 940 ὕπνοις
1445 895 1627 947 ὑπομένων
1645 898 1804 934 ἀκοῦσαι.

1720 954 1767 991 10
1790 967 1823 991 a.

1308 1009 1444 1047 Athen.
1459 1011 1527 1054 VI,
1540 1021 1578 1059 p.
1590 1020 1635 1053 27
1646 1021 1678 1053 1,
1692 1010 1743 1044 13:
1763 1005 1953 1059 Φύλαρχος
1970 1006 1999 1044 δ’
2013 1007 2048 1044 ἐν
2069 1004 2152 1058 ἕκτῃ
2170 1005 2287 1044 Ἱστο-

1255 1069 1336 1121 ριῶν
1355 1066 1415 1104 καὶ
1433 1064 1639 1109 Βυζαντίους
1660 1065 1763 1117 φησὶν
1779 1063 1869 1102 οὕτω
1886 1066 2040 1103 Βιθυνῶν
2057 1063 2224 1102 δεσπόσαι
2241 1065 2287 1107 ὡς

1254 1123 1551 1174 Λακεδαιμονίους
1570 1125 1638 1161 τῶν
1659 1121 1824 1161 εἱλώτων.
1841 1123 1898 1162 Cf.
1911 1126 1951 1162 C.
1967 1126 2013 1161 Ο.
2033 1122 2176 1160 Mfiller
2189 1126 2286 1160 Dor.

1254 1187 1304 1232 11,
1325 1197 1364 1235 p.
1388 1185 1450 1220 62.
1741 1233 1783 1271 11

1310 1288 1518 1326 Athenaeus
1535 1290 1600 1335 IV,
1616 1287 1679 1334 34,
1692 1299 1732 1337 Ρ.
1757 1288 1845 1337 150,
1857 1289 1893 1324 D
1909 1301 1917 1324 ε
1936 1285 2042 1339 Παρὰ
2058 1285 2095 1324 δὲ
2114 1285 2291 1330 Γαλάταις

1257 1346 1342 1400 φησὶ
1361 1344 1554 1398 Φύλαρχος
1572 1346 1607 1383 ἐν
1631 1348 1674 1397 effi
1695 1344 1779 1397 ἕκτῃ
1805 1346 1841 1383 ἐν
1864 1350 1940 1388 ταῖς
1961 1344 2150 1399 τραπέζαις
2169 1344 2292 1398 ἄρτους

1256 1405 1407 1450 πολλοὺς
1425 1403 1778 1457 κατακεκλασμένους
1799 1405 2052 1459 παρατίθεσθαι
2082 1403 2193 1457 χύδην
2230 1404 2291 1443 καὶ

1258 1464 1347 1519 κρέα
1365 1466 1405 1502 ἐκ
1421 1466 1492 1502 τῶν
1509 1463 1682 1513 λεὸήτων,
1702 1457 1750 1501 ὧν
1769 1464 1881 1507 οὐδεὶς
1899 1462 2056 1515 γεύεται,
2070 1462 2116 1512 ἢν,
2140 1462 2189 1514 μὴ
2205 1461 2293 1516 πρό-

1258 1538 1356 1577 τερον
1375 1522 1544 1569 θεάσηται
1566 1522 1624 1561 τὸν
1650 1520 1819 1574 βασιλέα,
1839 1524 1868 1560 εἷ
1892 1521 2008 1575 ἥψατο
2029 1523 2099 1560 τῶν
2117 1536 2293 1575 παρακει-

1260 1581 1386 1633 μένων.

1315 1660 1330 1677 α
1350 1644 1483 1682 Sermo
1506 1655 1587 1680 esse
1599 1642 1753 1680 videtur
1777 1642 1824 1680 de
1838 1641 2100 1693 Gallograecis,
2130 1642 2198 1692 qui
2213 1643 2295 1680 An-

1263 1703 1392 1740 tiocho
1415 1703 1550 1740 Sotere
1567 1710 1753 1752 regnante
1777 1702 1817 1739 in
1838 1702 1928 1740 Asia
1946 1701 2087 1739 minori
2111 1700 2295 1738 consede—

1262 1769 1361 1799 runt.
1382 1761 1516 1799 Flathe
1537 1761 1634 1799 Hist.
1651 1761 1795 1799 Maced.
1818 1762 1866 1809 ΙΙ,
1890 1774 1927 1812 p.
1949 1773 2137 1799 2οο-2ο2.
2158 1777 2174 1794 »
2190 1761 2294 1796 Brd-

1261 1822 1383 1858 clmer.

1661 1925 1816 2014 LIBIIS2R
1846 1921 1932 1965 VII.

1317 2038 1524 2075 Athenaeus
1543 2040 1632 2086 XV,
1656 2037 1717 2084 15,
1738 2050 1776 2087 p.
1804 2037 1894 2084 673,
1914 2039 1960 2075 F:
1977 2035 2094 2076 Μόνον
2113 2034 2180 2089 γὰρ
2203 2034 2296 2074 τοῦτ’

1263 2093 1349 2133 ἴδιον
1387 2094 1524 2148 εἴρηκεν
1558 2095 1594 2147 (ὃ
1623 2094 1857 2148 ζΗφαιστίων)
1890 2097 1943 2133 ὃτι
1972 2095 2162 2147 Φύλαρχος
2190 2095 2225 2132 ἐν
2251 2095 2295 2146 τῇ

227 2160 343 2194 Putat
365 2155 553 2193 Luchtius
574 2155 649 2192 hoc
672 2155 926 2204 fragmentum
952 2166 1041 2190 cum
1060 2166 1206 2204 praece-
1265 2151 1398 2206 ἑὸδόμῃ
1415 2156 1484 2192 τῶν
1511 2153 1688 2207 Ἱστοριῶν
1708 2149 1779 2192 οἶδε
1796 2152 1861 2201 τὴν
1892 2152 1984 2192 κατὰ
2002 2153 2106 2205 λύγον
2125 2153 2296 2206 ἱστορίαν,

175 2264 393 2306 pergefactum
412 2263 520 2295 denuo
534 2263 658 2304 potare.
677 2264 741 2294 Res
764 2261 898 2303 quidem
918 2261 1043 2302 imperii
1059 2270 1132 2293 raro
1147 2261 1204 2293 ad-

177 2311 312 2343 modum
327 2310 455 2343 sobrius
467 2310 630 2350 tractavit,
641 2311 677 2341 ut
689 2309 867 2350 plurimum
879 2317 956 2341 vero
970 2309 1091 2341 ebrius.
1104 2311 1210 2347 Quare

177 2357 264 2390 circa
286 2366 361 2390 eum
381 2366 508 2397 semper
525 2356 737 2389 versabantur
756 2356 814 2396 qui
842 2363 978 2397 regnum
1003 2356 1207 2388 administra·

177 2403 256 2435 bant
272 2404 400 2435 Aristus
412 2405 445 2435 et
463 2402 638 2435 Themison
649 2425 659 2442 ,
678 2402 811 2443 fratres,
828 2411 941 2444 genere
962 2403 1073 2444 Cyprii
1083 2426 1092 2443 ,
1108 2402 1207 2434 ambo

179 2459 293 2482 amasu
306 2458 402 2490 regis.

673 2518 710 2551 8.

221 2581 422 2623 Phylarchus
436 2581 471 2613 in
487 2583 579 2614 sexto
597 2581 681 2613 libro
696 2581 926 2621 Historiarum,
944 2582 1103 2615 Nicesiam
1118 2605 1128 2622 ,
1144 2582 1208 2622 ait,

181 2629 356 2663 Alexandri
372 2631 602 2661 assentatorem
617 2652 626 2668 ‚
648 2637 750 2669 quum
766 2637 872 2669 regem
884 2629 1011 2661 videret
1036 2638 1055 2660 a
1071 2629 1210 2661 medica-

180 2679 292 2710 mento
307 2676 393 2717 quod
409 2678 569 2708 sumserat
583 2675 778 2707 torminibus
788 2676 943 2707 cruciari:
959 2677 1079 2708 Orex!
1093 2676 1211 2717 inquit,

182 2731 242 2755 nos
273 2722 357 2764 quid
370 2722 556 2763 faciemus,
580 2731 688 2764 quum
705 2724 740 2755 et
752 2731 810 2755 vos
831 2722 881 2755 dii
898 2723 985 2755 talia
994 2725 1183 2764 patiamini
1195 2727 1214 2756 Ρ

182 2772 225 2803 Et
239 2771 475 2810 Alexandrum,
491 2778 576 2810 aegre
595 2770 705 2802 oculos
717 2770 901 2809 tollentem,
917 2770 1038 2803 dixisse
1053 2780 1060 2802 ε
1084 2771 1213 2809 Quales

184 2817 260 2850 dii?
271 2825 401 2856 vereor,
416 2825 459 2849 ne
477 2816 544 2849 diis
561 2818 674 2849 invisi.

683 2897 721 2929 9.

226 2958 428 3000 Phylarchus
455 2960 489 2991 in
505 2960 598 2992 sexto
613 2958 695 2992 libro
712 2958 940 2999 Historiarum,
955 2959 1101 3000 Cydonia
1117 2959 1214 2999 mala,

187 3007 243 3047 ait,
262 3015 321 3038 sua
333 3006 507 3046 fragrantia
521 3007 620 3039 etiam
635 3007 704 3039 vim
719 3006 918 3039 letiferorum
940 3015 1140 3039 venenorum
1157 3006 1215 3039 ob-

187 3053 333 3085 tundere.
347 3055 429 3085 Sane
444 3054 575 3094 quidem
591 3054 784 3086 Phariacum
798 3063 972 3094 venenum,
989 3054 1109 3095 inquit,
1125 3055 1215 3087 cistae

186 3099 340 3140 injectum
355 3100 463 3132 adhuc
479 3101 579 3134 olenti
594 3101 739 3142 cydonia
752 3101 847 3142 mala,
865 3110 938 3142 quae
953 3101 985 3134 in
997 3110 1035 3134 ea
1054 3105 1217 3135 asservata

187 3146 325 3186 fuerant,
335 3147 555 3180 frustraneum
565 3148 580 3180 s
580 3149 676 3188 uisse,
687 3150 720 3181 et
730 3149 799 3180 vim
809 3148 870 3180 sibi
881 3149 1044 3190 propriam
1051 3149 1213 3182 amisisse:

188 3194 298 3233 itaque
322 3194 461 3226 mixtum
479 3197 512 3227 et
526 3195 560 3226 in
590 3198 705 3237 potum
720 3195 900 3228 exhibitum
930 3196 968 3228 iis
989 3196 1108 3237 quibus
1138 3197 1217 3230 tales

189 3239 316 3271 insidiae
328 3243 447 3280 paratae
459 3241 609 3281 fuissent,
626 3242 708 3274 nihil
720 3252 815 3275 noxae
831 3244 990 3276 attulisse.
1007 3246 1217 3286 compertum

189 3287 225 3318 ld
234 3288 344 3318 autem
360 3287 476 3321 deinde
489 3298 560 3322 esse
572 3298 612 3322 ex
628 3291 859 3331 perquisitione
873 3292 944 3332 eJ'us
953 3316 962 3332 ,
978 3291 1034 3333 qui
1054 3301 1217 3325 venenum

189 3333 403 3373 vendiderat3
419 3335 476 3375 qui
493 3338 656 3377 cognovit,
674 3347 821 3371 caussam
847 3339 894 3371 rei
911 3338 1010 3372 fuisse
1033 3341 1129 3380 mala,
1145 3350 1218 3382 quae

190 3379 225 3412 in
237 3380 348 3413 eadem
356 3380 436 3413 cista
452 3384 579 3415 servata
594 3384 744 3418 fuissent.

1751 2270 1812 2303 10.

1308 2321 1522 2362 Phylarchus,
1537 2320 1621 2353 libro
1636 2323 1741 2362 sexto,
1759 2321 1929 2363 Byzantios
1941 2321 1996 2361 ait,
2010 2321 2055 2354 ita
2065 2321 2199 2354 vinosos
2211 2329 2296 2362 esse,

1266 2371 1304 2400 ut
1320 2369 1353 2400 in
1372 2368 1528 2409 cauponis
1545 2368 1710 2409 habitent,
1730 2379 1807 2402 suas
1833 2369 1921 2402 aedes
1938 2369 2036 2401 simul
2051 2377 2125 2401 cum
2142 2369 2306 2402 uxortbus.

1268 2416 1430 2448 elocantes
1457 2416 1655 2457 peregrinis;
1675 2416 1798 2449 bellicae
1817 2416 1906 2448 tuhae
1930 2425 2048 2448 sonum
2075 2424 2116 2448 ne
2134 2415 2167 2447 in
2183 2423 2298 2448 sonmo
2315 2427 2318 2430 ’

1266 2461 1398 2502 quidem
1415 2462 1570 2495 exaudire
1584 2463 1795 2495 sustinentes.

1309 2510 1561 2542 Memorandum
1578 2510 1614 2541 in
1642 2510 1696 2542 his
1711 2510 1930 2551 Phylarchum
1947 2534 1957 2550 ,
1974 2508 2016 2541 ad
2029 2509 2230 2542 irridendum
2245 2508 2298 2542 ali·

1268 2566 1365 2598 quem
1392 2560 1429 2590 ut
1451 2557 1616 2590 imbellem
1630 2581 1640 2598 ,
1663 2557 1909 2600 proverbialiter
1937 2557 1981 2589 ita
2009 2565 2044 2589 se
2071 2557 2294 2598 expressisse:

1268 2613 1347 2637 eum
1361 2613 1404 2636 ne
1418 2606 1455 2637 in
1470 2606 1599 2637 somnis
1619 2605 1760 2646 quidem
1777 2605 1898 2638 tubam
1917 2604 2078 2636 bellicam
2091 2603 2216 2637 audire
2230 2613 2311 2640 mse

1270 2653 1422 2684 tinuisse.

1727 2700 1774 2732 10
1804 2705 1838 2732 a.

1310 2751 1510 2792 Phylarchus
1539 2753 1632 2783 sexto
1671 2751 1887 2783 Historiarum
1911 2750 1994 2782 libro
2025 2750 2156 2789 scribit,
2177 2751 2306 2792 Byzan·>

1269 2798 1331 2876 3⁰8
1347 2798 1628 2850 ita-Bithynorum
1650 2797 1800 2829 dominos
1825 2806 1917 2838 esse,
1939 2799 1976 2828 ut
1997 2797 2186 2829 Helotarum
2202 2792 2313 2830 Laco-'2⁵

1293 2853 1462 2876 aemonios.

1759 2899 1773 2931 1
1786 2899 1817 2931 l'.

1312 2949 1404 2990 Apud
1419 2948 1560 2988 Galatas,
1570 2952 1608 2982 ut
1621 2949 1733 2982 scribit
1746 2950 1946 2991 Phylarchus
1959 2949 2043 2982 libro
2059 2952 2162 2990 sexto,
2180 2945 2306 2992 promi«v

1272 3005 1348 3028 scue
1364 2996 1484 3028 niensis
1499 2996 1710 3037 imponuntur
1725 3005 1825 3037 panes
1838 2997 1932 3029 multi
1944 2997 2100 3029 confracti
2122 2999 2156 3030 et
2171 3006 2211 3030 ex
2223 2997 2295 3031 abe·

1274 3043 1325 3075 nis
1338 3051 1450 3074 carnes
1463 3052 1471 3073 ε
1486 3051 1582 3075 nemo
1600 3043 1709 3075 autem
1725 3044 1840 3075 horum
1857 3044 2035 3086 quidquam
2051 3045 2180 3086 gustat,
2199 3044 2302 3086 prius-2

1272 3098 1370 3170 (tultam
1394 3089 1512 3122 viderit
1531 3098 1637 3131 regem
1664 3090 1785 3130 aliquid
1806 3099 1931 3131 eorum,
1948 3100 2022 3132 quae
2035 3091 2184 3132 apposita
2197 3092 2292 3130 suut,

1289 3145 1306 3169 e
1321 3144 1430 3176 igisse·

1725 3189 1862 3200 *-

1645 3193 1799 3264 LIBER
1836 3227 1925 3266 VII.

1755 3291 1815 3323 12.

1315 3342 1424 3372 Unum
1452 3339 1515 3372 hoc
1539 3341 1579 3373 de
1593 3349 1652 3373 suo
1667 3343 1735 3373 tuni
1753 3341 1835 3374 dixit
1860 3343 2046 3384 Hephaestio
2059 3366 2067 3381 ,
2084 3325 2297 3383 Plnylarchuifl

1274 3388 1413 3430 septimo
1428 3389 1644 3421 Historiarum
1667 3388 1750 3422 libro
1777 3390 1963 3422 meminisse
1978 3390 2065 3423 illius
2086 3389 2126 3422 de
2146 3388 2242 3421 vitice
2256 3383 2296 3420 hl.
