2320 3684
846 157 1087 198 HECATAEI
1116 161 1446 201 FRAGMENTA.
2178 165 2199 198 5

573 245 635 283 65.

147 313 201 350 St.
224 313 264 348 B.
297 309 482 362 Ἰαπυγία,
509 309 568 348 δύο
587 308 729 355 πόλεις,
762 308 827 360 μία
849 309 885 348 ἐν
914 312 958 362 τῇ
984 311 1119 365 Ἰταλίᾳ

94 367 154 407 καὶ
174 367 275 421 ἑτέρα
290 368 325 406 ἐν
341 369 385 419 τῇ
401 366 576 420 Ἰλλυρίδι,
589 368 642 406 ὡσ
657 365 738 407 Ἕκ.
755 367 818 415 (cf.
838 368 884 406 fr.
905 369 984 420 54).
1002 371 1119 416 Quod

95 427 200 466 haud
214 426 331 465 dubie
347 426 493 464 dictum
513 434 572 464 est
587 425 635 464 de
652 426 867 477 Iapodibus
892 427 950 465 vel
966 428 1120 478 Iapydi-

96 485 190 536 bus,
212 485 360 536 populo
384 483 542 522 Gallicae
565 484 678 522 simul
702 494 740 523 et
760 485 922 536 Illyricae
941 486 1120 537 originis,

94 557 211 595 quem
233 543 316 595 ipse
332 546 532 582 Hecataeus
551 547 714 595 Iapyges
732 545 888 583 videtur
912 545 1065 584 dixisse.

147 663 184 701 S.
217 664 258 699 Β.
296 659 504 712 Οἷδᾶντιον,
528 603 637 706 wrogi}
664 661 843 716 Ἰλλυρίων
861 678 870 686 ·
906 662 1121 715 Θεόπομπος

94 720 324 758 Φιλιππικῶν
348 721 547 774 τριακοστῷ
566 719 688 775 ὀγδόῳ.
708 720 761 761 Τὸ
776 720 910 761 ἐθνικὸν
937 723 1120 771 Οἴδαντες,

94 776 141 823 ὥς
162 793 266 832 φησιν
287 777 366 818 Ἕκ.
387 780 492 818 Situs
511 779 621 819 urbis
641 781 810 832 ignotus.

148 899 203 935 St.
235 901 278 938 B.
311 896 527 947 Χελιδόνιοι,
564 839 658 942 ἔξῖός
689 898 895 953 Ἰλλυρικόν.
925 899 1006 940 Ἕκ.
1046 901 1123 940 Εὖ-

96 953 196 1008 ρώπῃ
206 971 214 979 ·
230 972 246 989 α
259 955 486 1010 Σεσαρηθίων
499 956 709 1053 πρὸς6β8ορέω
722 958 873 998 οἰκέουσι
887 958 1095 1000 Χελιδόνιοι.
1107 978 1123 995 »

97 1132 107 1145 <
149 1077 204 1113 St.
234 1078 276 1114 B.
301 1074 522 1129 Σεσάρηθος,
545 1074 644 1120 πόλις
666 1077 897 1117 Ταυλαντίων
912 1109 923 1128 ,
949 1078 997 1124 ὥς
1019 1094 1124 1134 φησιν

110 1133 175 1172 Ex‘
580 1193 644 1231 69.

152 1252 204 1289 St.
224 1253 264 1289 Β.
288 1249 410 1304 Ἄὸροι
423 1281 433 1299 ,
461 1251 555 1296 ἔθνος
581 1251 667 1307 πρὸς
684 1254 735 1307 τῷ
754 1254 879 1308 Ἀδρίᾳ
898 1255 1125 1299 Ταλαντίνων

99 1307 267 1362 προσεχὲς
285 1314 357 1354 τοῖς
379 1309 612 1358 Χελιδονίοις,
633 1313 680 1356 ὡς
698 1311 900 1358 Ἑκαταῖος.

154 1430 209 1467 St.
232 1431 273 1466 B.
300 1429 480 1481 Λάκμων,
504 1372 684 1484 ἄκροίῖοῢ
709 1431 843 1472 Πίνδου
869 1433 1029 1488 ὄρους,ἔξ
1049 1430 1090 1484 ἧς
1109 1439 1128 1475 ὃ

99 1485 240 1539 Ἴναχος
256 1486 318 1527 καὶ
332 1489 425 1533 Αἴας
447 1491 498 1542 ῥεῖ
510 1490 668 1542 ποταμός
685 1507 694 1515 ·
714 1493 761 1536 ὣς
779 1491 859 1531 Ἕκ.
880 1494 916 1533 ἐν
929 1493 1072 1548 πρώτῳ.

153 1605 280 1644 Str-ab.
299 1610 384 1652 VII,
405 1621 445 1658 p.
465 1608 542 1652 486
563 1550 670 1647 εΊἸΕδν
687 1608 718 1646 δ’
737 1607 847 1648 Ἄωον
869 1610 1008 1651 Αἴαντα
1027 1615 1128 1653 καλεῖ

99 1662 287 1708 Ἑκαταῖος
316 1665 378 1704 καί
396 1681 501 1719 φησιν
530 1665 600 1705 ἀπὸ
618 1671 681 1706 τοῦ
703 1669 808 1706 αὐτοῦ
827 1668 937 1708 τόπου
962 1676 1025 1711 τοῦ
1047 1673 1128 1727 περὶ

101 1720 246 1773 Λάκμον
259 1754 269 1771 ,
289 1725 423 1774 μᾶλλον
444 1724 480 1763 δὲ
498 1729 558 1764 τοῦ
582 1727 687 1765 αὐτοῦ
703 1725 818 1780 μύχου
839 1727 900 1767 τόν
922 1746 960 1768 τε
986 1729 1128 1785 Ἴναχον

101 1781 171 1832 ῥεῖν
203 1781 250 1824 εἷς
285 1780 408 1835 Ἄργος
438 1782 526 1836 πρὸς
560 1783 658 1823 νότον
691 1785 751 1824 καὶ
783 1785 842 1825 τὸν
876 1787 1013 1827 Αἴαντα
1044 1791 1130 1846 πρὸς

100 1837 250 1894 ἑσπέραν
267 1841 315 1885 εἷς
332 1841 391 1881 τὸν
412 1842 561 1895 Ἀδρίαν.

583 1903 646 1941 72.

1145 260 1151 310 1
1176 249 1400 302 Ἀμφιλόχοις
1419 248 1580 304 Ἴναχον,
1607 253 1648 290 ἐκ
1675 253 1735 290 τοῦ
1756 249 1906 302 Αᾶκμου
1937 248 2077 303 ῥέοντα,
2102 245 2138 291 ἐξ
2161 240 2200 285 οὗ

1176 306 1235 345 καὶ
1245 311 1264 346 ὁ
1277 308 1364 351 Αἴας
1381 311 1447 363 ῥεῖ,
1465 309 1580 363 ἕτερον
1594 303 1682 349 εἶναι
1695 313 1755 348 τοῦ
1770 309 1981 364 Ἀργολικοῦ,
1997 305 2202 357 ὠνομάσθαι

1177 365 1207 402 δ’
1236 365 1305 404 ἀπὸ
1334 366 1547 421 Ἀμφιλόχου
1575 372 1636 407 τοῦ
1661 368 1723 407 καὶ
1743 368 1807 417 τὴν
1826 367 1927 407 πόλιν
1941 366 2064 419 Ἄργος
2080 364 2202 418 Ἀμφι-

1176 423 1317 475 λοχικὸν
1341 425 1552 471 καλέσαντος
1565 443 1573 451 ·
1603 430 1724 466 τοῦτον
1745 426 1808 478 μὲν
1830 426 1921 466 οὕτω
1941 424 2045 479 φησὶν
2068 425 2115 468 εἷς
2141 421 2201 462 τὸν

1179 480 1349 534 Ἀχελῶον
1370 484 1554 524 ἓκὸάλλειν
1566 517 1576 535 ,
1603 486 1663 525 τὸν
1683 485 1719 525 δὲ
1739 485 1876 526 Αἴαντα
1900 487 1947 530 εἷς
1964 482 2199 524 Ἀπολλωνίαν

1178 541 1265 594 πρὸς
1285 542 1348 589 τὴν
1366 542 1461 583 δύσιν
1480 547 1560 598 ῥεῖν.

1233 664 1287 699 St.
1325 665 1367 700 B.
1406 662 1570 716 Δεξάροι,
1598 664 1692 709 ἔθνος
1715 665 1864 705 Χαόνων
1894 670 1965 708 τοῖς
1995 661 2203 716 Ἐγχελέαις

1178 718 1358 772 προσεχές·
1376 718 1454 760 Ἕκ.
1480 722 1566 773 Εὖρ.
1584 722 1676 762 Ὑπὸ
1691 722 1849 777 Ἄμηρον,
1872 723 1948 776 ὅρος
1970 724 2096 761 οἰκοῦν.

1234 837 1288 875 St.
1313 838 1356 876 B.
1386 837 1541 886 Χαονία,
1571 837 1662 889 μέση
1681 841 1744 886 τῆς
1771 839 1937 893 Ἠπείρου
1954 862 2003 870 —
2024 840 2103 878 Ἑκ.
2137 838 2206 882 Εὖ·-

1181 892 1303 946 ρώπῃ·
1325 897 1373 933 «ὃ
1399 893 1435 933 δὲ
1463 895 1591 940 κόλπος
1621 898 1791 950 Κιῤῥαῖος,
1805 899 1864 936 καὶ
1887 898 1927 937 τὸ
1956 898 2072 937 πεδίον
2097 899 2132 936 ἐν
2160 899 2204 949 τῇ

1181 952 1353 1004 Χαονικῇ.
1375 971 1391 988 »

1663 1013 1727 1053 75.

1236 1073 1290 1107 St.
1310 1074 1351 1109 B.
1373 1070 1529 1125 Ὠρικός,
1549 1072 1649 1117 πόλις
1676 1074 1711 1112 ἐν
1734 1075 1784 1127 τῷ
1809 1073 1919 1126 Ἰονίῳ
1941 1072 2072 1126 κόλπῳ.
2092 1072 2207 1112 Ἑκα-

1182 1133 1278 1172 ταῖος
1295 1129 1424 1181 λιμένα
1443 1132 1544 1170 καλεῖ
1563 1134 1626 1180 τῆς
1647 1132 1814 1186 Ἠπείρου
1843 1131 1906 1180 τὴν
1927 1131 2084 1186 Ὠρικὸν,
2103 1133 2138 1170 ἓν
2163 1134 2206 1183 τῇ

1184 1186 1340 1239 Εὐρώπῃ
1357 1203 1366 1212 ·
1387 1205 1402 1222 «
1425 1188 1516 1240 μέτα
1535 1189 1572 1228 δὲ
1591 1190 1793 1244 Βουθρωτὸς
1807 1190 1924 1240 πόλις,
1946 1190 2035 1242 μέτα
2055 1189 2091 1228 δὲ
2109 1190 2208 1243 Ὠρι-

1183 1244 1243 1289 κὸς
1260 1246 1380 1298 λιμήν.
1402 1266 1418 1283 »
1437 1250 1581 1288 Eadem
1608 1251 1775 1289 Hecataei
1796 1250 1915 1289 verba
1942 1251 2053 1288 affert
2073 1253 2207 1287 Eusta-

1187 1305 1289 1343 thius
1313 1307 1364 1345 ad
1378 1308 1538 1359 Dionys.
1558 1310 1705 1361 Perieg.
1728 1311 1816 1348 321.

1238 1427 1295 1464 St.
1316 1427 1358 1464 Β.
1379 1425 1538 1474 Βαιάκη·
1556 1426 1656 1471 πόλις
1677 1429 1739 1474 τῆς
1758 1427 1912 1471 Χαονίας
1929 1443 1937 1451 ·
1958 1426 2036 1466 Ἕκ.
2062 1427 2147 1479 Εὖρ.

1669 1486 1732 1525 77.

1239 1544 1293 1580 St.
1313 1546 1354 1581 B.
1377 1542 1563 1597 Ὀρέσται,
1583 1545 1806 1585 Μολοσσικὸν
1827 1545 1921 1589 ἔθνος
1935 1560 1943 1569 ·
1964 1543 2044 1585 Ἕκ.
2063 1545 2148 1597 Εὖρ.

1239 1677 1296 1715 St.
1317 1679 1359 1715 B.
1376 1678 1551 1728 Δωδώνη,
1576 1679 1677 1724 πόλις
1694 1683 1757 1728 τῆς
1778 1680 1997 1724 Μολοσσίδος
2020 1682 2055 1719 ἐν
2083 1680 2213 1720 Ἠπεί-

1187 1749 1257 1788 ρῳ·
1277 1733 1358 1774 ἹΞκ.
1381 1737 1537 1791 Εὐρώπῃ
1550 1754 1558 1762 ·
1577 1740 1800 1779 «Μολοσσῶν
1817 1740 1904 1795 πρὸς
1924 1739 2145 1794 μεσημὸρίης
2164 1741 2214 1778 οἷ-

1186 1793 1305 1832 κέουσι
1326 1796 1541 1836 Δωδωναῖοι.
1558 1815 1573 1831 »

1672 1859 1733 1899 79.

1244 1916 1296 1953 St.
1323 1918 1366 1955 B.
1391 1915 1674 1968 Ἐπιλευκάδιοι,
1706 1918 1806 1963 πόλις
1843 1919 1932 1970 μετὰ
1962 1920 2211 1973 Ἀκαρνανίαν·

154 1957 281 1997 Strab.
303 1963 376 2008 VI,
397 1974 434 2012 p.
458 1967 532 2010 417
555 1978 565 2001 :
595 1961 785 2011 Ἑκαταῖός
807 1980 893 2018 φησι
919 1966 977 2005 τὸν
997 1968 1032 2007 ἓν
1061 1975 1133 2014 τοῖς
1190 1970 1270 2012 Ἕκ.
1291 1974 1377 2027 Εὐρ.

104 2054 1083 2072 Ἣ

582 2120 645 2155 65.

142 2181 287 2222 Iapygia,
300 2181 374 2214 duae
390 2182 487 2215 urbes
498 2207 507 2223 ‚
528 2184 628 2217 altera
641 2185 675 2217 in
689 2185 798 2227 Italia,
816 2187 917 2221 altera
933 2190 967 2221 in
980 2190 1106 2238 Illyria.

584 2250 648 2283 66.

142 2303 351 2343 OEdantium,
376 2304 454 2336 urbs
480 2305 673 2346 Illyriorum.
697 2308 895 2350 Theopomp.
919 2311 1129 2354 Philippicor.

101 2349 156 2382 lib.
174 2353 225 2382 38.
242 2350 368 2383 Gentile
390 2351 568 2392 OEdantes,
585 2355 620 2386 ut
636 2354 744 2395 inquit
757 2357 939 2389 Hecataeus.

582 2420 644 2452 67.

142 2477 341 2518 Chelidonii,
361 2487 438 2519 gens
461 2480 598 2522 Illyrica.
617 2483 694 2515 Hec.
712 2493 720 2514 :
747 2485 827 2517 «Ad
847 2487 1130 2527 septentrionalem

101 2526 224 2566 partem
240 2526 494 2560 Sesarethiorum
511 2529 657 2563 habitant
674 2531 866 2567 Chelidonii.
884 2527 898 2561 „¹

582 2591 644 2627 68.

142 2643 330 2676 Sesarethus
340 2667 350 2684 ,
364 2645 442 2678 urbs
457 2648 712 2682 Taulantiorum.
761 2647 768 2658 '

127 2758 243 2813 ”Abriz
261 2761 401 2802 populus
421 2713 664 2797 Talantino‘iiiin
692 2775 791 2809 prope
806 2769 937 2801 Adriam
949 2793 959 2810 ,
979 2770 1129 2803 Chelido-

103 2814 165 2838 nus
179 2815 319 2840 vicinus.

586 2874 605 2905 7
612 2874 648 2907 Ο.

143 2924 284 2957 Lacmon
294 2950 303 2966 ‚
320 2930 579 2968 promontorium
595 2931 689 2963 Pindi
702 2933 840 2973 montis,
855 2943 894 2966 ex
911 2944 977 2975 quo
989 2936 1130 2969 Inachus

102 2973 134 3002 et
145 2973 220 3004 AEas
232 2972 322 3006 ssnvii
342 2974 498 3027 ‹iessuunh

585 3039 644 3071 71.

142 3087 312 3121 Hecataeus
337 3094 442 3124 Aoum
459 3093 595 3126 fluvium
608 3096 948 3138 appellatAEanlein‚ct
966 3108 1004 3131 ex
1015 3100 1129 3132 eodem

102 3134 184 3173 apud
212 3137 370 3170 Lacmum
394 3140 478 3181 loco,
509 3144 605 3184 atque
626 3143 706 3176 adeo
735 3153 776 3177 ex
809 3145 924 3178 iisdem
962 3147 1130 3187 penetrali-

103 3178 164 3212 bus
187 3183 341 3230 Inachum
371 3186 448 3219 dicit
470 3188 511 3220 ad
532 3194 635 3231 Argos
657 3190 773 3223 deferri
795 3201 909 3225 versus
939 3193 1105 3225 meridiem
1119 3217 1127 3232 ‚

101 3229 133 3257 et
155 3229 302 3263 AEantem
323 3233 365 3265 ad
386 3243 536 3268 occasum
559 3236 592 3269 in
606 3246 695 3271 mare
709 3239 922 3272 Adriaticum.

583 3298 645 3331 72.

142 3352 310 3385 Hecataeus
341 3357 417 3389 ‹licit
446 3361 599 3392 Inachum
638 3363 924 3402 Amphilochorum
957 3372 974 3394 c
1005 3365 1125 3394 Lacino

1159 2160 1162 2164 ἦ
1191 2119 1420 2162 profluentem,
1436 2122 1523 2155 unde
1535 2124 1571 2156 et
1582 2125 1661 2163 AEas
1679 2124 1796 2166 oritur,
1820 2124 1986 2161 diversum
2007 2134 2079 2158 esse
2095 2126 2136 2158 ab
2160 2128 2215 2159 Ar-

1158 2168 1162 2176 “
1190 2166 1291 2205 golico
1315 2177 1323 2199 :
1346 2168 1441 2210 eique
1462 2170 1525 2202 hoc
1547 2180 1666 2204 nomen
1700 2172 1742 2204 ab
1778 2173 1992 2214 Amphilocho
2013 2174 2214 2215 impositum,

1190 2214 1244 2254 qui
1270 2214 1382 2247 urbem
1415 2226 1546 2258 quoque
1572 2222 1674 2260 Argos
1696 2220 1982 2261 Amphilochicum
2010 2221 2183 2253 nominarit
2205 2230 2214 2250 :

1189 2271 1329 2304 eumque
1350 2263 1384 2294 in
1406 2265 1583 2297 Acheloum
1608 2265 1751 2299 incidere
1769 2267 1833 2307 ait,
1850 2269 1997 2300 AEantem
2011 2277 2087 2300 vero
2102 2276 2213 2300 versus

1190 2318 1340 2342 occasum
1364 2310 1406 2342 ad
1427 2312 1631 2353 Apolloniam
1655 2313 1806 2347 defluere.

1672 2374 1734 2407 73.

1230 2427 1366 2468 Dexari‚
1387 2437 1465 2469 gens
1477 2430 1666 2471 Chaonum,
1689 2431 1857 2464 Encheleis
1878 2432 2031 2471 finitima,
2054 2434 2130 2464 Hcc.
2148 2431 2214 2463 Sub

1190 2476 1309 2507 Amero
1325 2478 1435 2508 monte
1453 2476 1588 2510 habitat.

1672 2534 1735 2566 74.

1231 2588 1378 2621 Chaonia
1394 2613 1403 2629 ‚
1428 2590 1462 2621 in
1484 2589 1591 2622 media
1615 2590 1724 2631 Epiro.
1749 2608 1790 2613 —
1811 2591 1888 2622 Hec.
1914 2599 1922 2620 :
1948 2601 1964 2616 «
1988 2590 2083 2621 Sinus
2105 2592 2213 2622 autem

1189 2635 1354 2670 Cirrhaeus
1373 2638 1406 2669 et
1423 2645 1558 2678 campus
1579 2637 1613 2670 in
1635 2637 1808 2671 Chaonica.
1829 2650 1844 2665 υ

1673 2698 1735 2731 75.

1231 2755 1364 2796 oricus,
1382 2755 1461 2788 urbs
1483 2755 1518 2787 in
1545 2755 1618 2787 sinu
1642 2755 1744 2788 Ionio.
1763 2755 1933 2787 Hecataeus
1960 2755 2091 2795 portum
2122 2755 2209 2796 Epiri

1189 2805 1285 2835 vocat
1309 2804 1442 2836 Oricum
1468 2813 1476 2834 ε
1500 2817 1516 2829 «
1536 2805 1614 2835 Post
1636 2811 1714 2835 vero
1736 2802 1914 2834 Buthrotus
1936 2801 2032 2840 urbs,
2058 2806 2131 2843 post
2152 2810 2210 2835 au-

1190 2852 1254 2882 tem
1277 2851 1394 2883 Oricus
1415 2853 1539 2892 portus.
1558 2863 1573 2878 υ

1672 2903 1732 2938 76.

1231 2966 1345 2996 Baeace
1358 2987 1367 3003 ,
1389 2963 1466 2995 urbs
1489 2961 1653 2998 Chaoniae.

1673 3019 1732 3052 77.

1230 3079 1369 3115 orestae,
1394 3074 1564 3107 Molossica
1585 3080 1674 3113 gens.

1670 3133 1733 3166 78.

1231 3195 1379 3233 Dodone,
1398 3193 1475 3225 urbs
1501 3190 1695 3224 Molossidis,
1709 3189 1742 3221 in
1758 3189 1866 3230 Epiro.
1883 3209 1925 3217 —
1946 3191 2026 3224 Hec.
2042 3201 2049 3224 :
2071 3192 2213 3225 «Molos-

1189 3251 1299 3275 sorum
1315 3241 1355 3273 ad
1378 3240 1543 3276 meridiem
1561 3238 1708 3271 habitant
1719 3236 1886 3269 Dodonaei.
1905 3251 1920 3266 n

1672 3298 1732 3331 79.

1234 3359 1445 3400 Eplleucadil,
1470 3358 1548 3390 urbs
1565 3359 1638 3399 post
1654 3353 1876 3388 Acarnaniam.
