2320 3684
600 121 932 165 APOLLODORI
959 120 1320 162 BIBLIOTHECAE
1348 122 1407 174 ΙΙ,
1437 129 1535 164 2-4.

17 217 97 262 τοὺς
126 215 330 265 αἷτηθέντας
368 213 512 267 μισθοὺς
543 216 562 252 6
595 213 746 266 Προῖτος
773 209 899 248 ἐδίδου.
931 206 975 246 Ὁ
1007 205 1043 244 δὲ

17 276 193 330 ὑπέσχετο
218 272 459 329 θεραπεύσειν,
478 271 562 311 ὅταν
582 270 699 324 ἕτερον
723 271 888 307 τοσοῦτον
907 268 968 312 τῆς
981 268 1045 316 γῆς
1071 265 1073 269 ’

16 338 36 375 6
53 336 199 387 ἀδελφὸς
224 336 331 373 αὐτοῦ
355 330 449 383 λάὸῃ
479 330 574 373 Βίας.
596 330 746 383 Προῖτος
772 324 808 364 δὲ
828 323 1045 372 εὖλαὸηθεὶς,

18 393 82 446 μὴ,
104 391 340 448 βραδυνούσης
357 392 421 437 τῆς
438 387 641 443 θεραπείας,
660 384 818 433 αἰτηθείη
838 382 897 422 καὶ
913 383 1046 429 πλεῖον,

17 452 219 508 θεραπεύειν
233 448 476 503 συνεχώρησεν
496 446 554 486 ἐπὶ
571 445 716 490 τούτοις.
739 445 756 473 7
772 443 993 494 Μελάμπους
1011 439 1047 479 δὲ

17 510 236 567 παραλαὸὼν
264 507 344 552 τοὺς
374 504 637 548 δυνατωτάτους
667 506 737 543 τῶν
772 503 939 550 νεανιῶν,
972 499 1047 551 μετ’

19 572 227 621 ἀλαλαγμοῦ
244 566 304 606 καὶ
322 579 414 609 τινος
437 562 554 602 ἐνθέου
574 560 714 616 χορείας
732 561 773 599 ἐκ
790 562 860 599 τῶν
881 561 969 614 ὁρῶν
988 561 1050 597 αὐ-

19 629 83 674 τὰς
103 630 138 673 ἐς
154 628 317 668 Σικυῶνα
337 622 532 668 συνεδίωξε.
551 620 682 661 8Κατὰ
705 619 742 659 δὲ
758 619 817 659 τὸν
846 618 1000 671 διωγμὸν
1025 620 1048 665 ἡ

21 685 250 743 πρεσὸυτάτη
277 685 347 723 τῶν
366 682 563 737 θυγατέρων
583 679 715 734 Ἰφινόη
731 677 957 731 μετήλλαξεν·
975 683 1050 721 ταῖς

23 746 60 786 δὲ
76 748 214 789 λοιπαῖς
238 741 428 796 τυχούσαις
445 741 639 794 καθαρμῶν
659 740 886 793 σωφρονῆσαι
905 734 1050 784 συνέὸη,

22 805 82 843 καὶ
92 801 222 846 ταύτας
235 800 299 854 μὲν
313 799 447 846 ἐξέδοτο
458 800 609 852 Προῖτος
616 797 832 848 Μελάμποδι
842 795 901 835 καὶ
915 794 1050 843 Βίαντι,

21 862 134 902 παῖδα
149 859 186 900 δὲ
202 859 344 914 ὕστερον
362 856 526 911 ἐγέννησε
545 855 794 909 Μεγαπένθην.

377 990 629 1023 ΚΕΦΑΛΑῙΟΝ
656 988 687 1021 Γ
690 1012 698 1020 .

79 1065 133 1119 (1)
154 1061 435 1118 Βελλεροφόντης
445 1061 483 1101 δὲ
494 1065 512 1101 6
528 1059 691 1101 Γλαύκου
707 1064 769 1100 τοῦ
778 1058 949 1114 Σισύφου,
963 1057 1057 1097 κτεί-

26 1139 87 1167 νας
108 1121 280 1166 ἀκουσίως
308 1120 457 1175 ἀδελφὸν
483 1118 689 1168 Δηλιάδην,
718 1119 765 1163 ὥς
791 1116 828 1156 δέ
846 1133 936 1162 τινες
957 1116 1056 1171 φασὶ,

27 1184 205 1236 Πειρῆνα,
230 1180 331 1219 ἄλλοι
353 1178 404 1225 δὲ,
424 1178 653 1230 Ἀλκιμένην,
673 1177 758 1232 πρὸς
777 1179 930 1231 Προῖτον
946 1175 1056 1215 ἐλθὼν

26 1242 246 1295 καθαίρεται.
264 1242 281 1267 ²
298 1240 371 1280 Καὶ
392 1241 497 1279 αὐτοῦ
515 1238 705 1279 Σθενέὸοια
729 1237 843 1292 ἔρωτα
870 1237 984 1290 ἴσχει,
999 1237 1058 1275 καὶ

27 1300 255 1356 προσπέμπει
270 1298 396 1351 λόγους
414 1298 494 1352 περὶ
507 1298 703 1342 συνουσίας.
726 1299 801 1336 Τοῦ
822 1295 859 1335 δὲ
877 1299 1058 1350 ἀπαρνου-

29 1360 135 1412 μένου
147 1389 156 1406 ,
173 1357 268 1410 λέγει
287 1356 374 1410 πρὸς
401 1359 553 1410 Προῖτον
565 1385 575 1403 ,
595 1355 649 1394 ὅτι
669 1355 951 1410 Βελλεροφόντης
971 1356 1060 1408 αὐτῇ

28 1418 108 1474 περὶ
120 1421 248 1473 φθορᾶς
260 1415 538 1470 προσέπεμψατο
546 1414 681 1468 λόγους.
689 1419 707 1445 3
718 1417 868 1468 Προῖτος
878 1413 915 1452 δὲ
922 1412 1061 1453 πιστεύ-

29 1493 112 1523 σας,
130 1476 258 1515 ἔδωκεν
275 1474 462 1519 ἐπιστολὰς
481 1476 578 1528 αὐτῷ
596 1474 684 1528 πρὸν
703 1473 866 1521 Ἰοὸάτην
887 1472 1061 1525 κομίσειν,

29 1537 66 1575 ἐν
84 1529 139 1579 αἷς
156 1534 406 1588 ἐνεγέγραπτο,
426 1531 709 1588 Βελλεροφόντην
727 1535 944 1571 ἀποκτεῖναι.
961 1533 977 1559 ⁴
991 1531 1063 1571 ’10-

32 1594 143 1642 6άτης
162 1593 200 1632 δὲ
225 1592 387 1646 ἐπιγνοὺς
405 1591 570 1637 ἐπέταξεν
596 1593 693 1645 αὐτῷ
709 1591 892 1645 Χίμαιραν
915 1596 1062 1639 κτεῖναι,

31 1653 184 1707 νομίζων
203 1652 306 1691 αὐτὸν
336 1652 404 1691 ὑπὸ
425 1655 486 1690 τοῦ
506 1650 627 1705 θηρίου
654 1649 967 1705 διαφθαρήσεσθαι.
990 1643 1062 1689 ἭἨν

31 1712 100 1767 γὰρ
119 1713 159 1751 οὗ
179 1709 283 1763 μόνον
304 1710 367 1760 ἑνὶ,
387 1709 479 1749 ἀλλὰ
494 1711 637 1753 πολλοῖς
652 1710 715 1748 οὐκ
731 1709 918 1748 εὐάλωτον.
936 1711 952 1735 5
974 1701 1064 1761 Εἶχε

35 1770 72 1815 δὲ
87 1768 268 1826 προτομὴν
289 1767 354 1821 μὲν
370 1767 521 1815 λέοντος,
541 1767 645 1822 οὐρὰν
667 1767 704 1806 δὲ
722 1767 920 1822 δράκοντος,
941 1767 1063 1822 τρίτην

35 1829 72 1870 δὲ
95 1828 250 1884 κεφαλὴν
272 1828 384 1881 μέσην
411 1827 530 1880 αἰγὸς,
554 1827 598 1866 δι’
617 1821 659 1875 ἧς
683 1830 755 1881 πῦρ
782 1826 881 1866 ἀνίει.
907 1826 981 1867 Καὶ
999 1826 1063 1875 τὴν

33 1888 156 1943 χώραν
184 1887 369 1941 διέφθειρε,
387 1886 449 1926 καὶ
465 1885 511 1925 τὰ
533 1885 746 1939 βοσκήματα
763 1885 981 1938 ἐλυμαίνετο·
1000 1886 1065 1938 μία

33 1945 99 2001 γὰρ
113 1946 213 2001 φύσις
228 1949 333 2000 τριῶν
351 1945 480 2000 θηρίων
496 1939 571 1999 εἶχε
587 1944 748 1997 δύναμιν.
759 1944 938 1997 ΒΛέγεται
955 1943 1065 1983 δὲκαὶ

33 2006 98 2055 τὴν
115 2006 298 2060 Χίμαιραν
323 2005 454 2053 ταύτην
475 2007 653 2059 τραφῆναι
682 2004 746 2056 μὲν
777 2004 846 2043 ὑπὸ
866 2004 1067 2056 Ἀμισωδά-

36 2081 112 2120 ρου,
132 2065 292 2119 καθάπερ
311 2065 430 2119 εἴρηκε
448 2063 508 2103 καὶ
527 2063 692 2118 αΟμηρος
709 2094 720 2112 ,
745 2066 957 2116 γεννηθῆναι
973 2062 1011 2101 δὲ
1028 2064 1068 2101 ἐκ

34 2125 202 2178 Τυφῶνος
237 2123 297 2162 καὶ
328 2123 497 2184 Ἐχίδνης
515 2152 526 2170 ,
566 2122 682 2166 καθὼς
717 2121 880 2166 Ἡσίοδος
923 2124 1066 2176 ἱστορεῖ.

35 2182 91 2236 (2)
112 2181 344 2226 Ἀναὸιὸάσας
361 2185 420 2220 οὖν
441 2180 563 2220 ἑαυτὸν
594 2184 612 2220 6
635 2180 915 2235 Βελλεροφόντης
933 2180 991 2219 ἐπὶ
1009 2180 1068 2219 τὸν

35 2241 221 2294 Πήγασον,
239 2240 276 2280 ὃν
298 2233 391 2293 εἶχεν
409 2238 519 2279 ἵππον
539 2241 580 2278 ἐκ
596 2238 782 2288 Μεδούσης
801 2239 933 2288 πτηνὸν
950 2255 1068 2293 γεγεν-

36 2300 185 2352 νημένον
206 2299 266 2338 καὶ
281 2299 515 2350 Πῳζειᾱδῶνος,
534 2298 648 2353 ἀρθεὶς
667 2300 714 2343 εἷς
730 2298 827 2352 ὕψος,
858 2298 929 2337 ἀπὸ
945 2299 1069 2338 τούτου

37 2350 344 2413 κατετόξευσζῖὴν
358 2348 553 2411 Χίμαῗραν.
567 2359 585 2384 2
599 2355 703 2396 Μετὰ
715 2355 752 2396 δὲ
769 2356 828 2397 τὸν
850 2360 969 2410 ἀγῶνα
984 2363 1069 2397 τοῦ-

37 2433 96 2457 τον
109 2447 119 2462 ,
180 2414 309 2462 χέταξεν
344 2418 439 2470 αὗτῷ
468 2410 644 2468 Σολύμοις
676 2415 915 2470 μαχέσασθαι.
947 2417 1008 2462 Ὡς
1034 2417 1070 2456 δὲ

38 2477 77 2516 ἔτ
136 2475 244 2525 ύτησε
269 2474 329 2515 καὶ
356 2479 478 2514 τοῦτον
492 2504 502 2521 ,
534 2473 718 2527 Ἀμαζόσιν
746 2475 911 2521 ἐπέταξεν
939 2476 1070 2531 ἀγωνί-

39 2536 158 2582 ζεσθαι
177 2534 292 2574 αὐτόν.
311 2534 372 2578 Ὡς
391 2533 428 2573 δὲ
445 2534 505 2573 καὶ
524 2533 589 2573 τα’
613 2550 653 2579 ας
672 2534 876 2585 ἀπέκτεινε,
896 2535 975 2580 τοὺς
994 2535 1070 2575 νεό-

39 2609 118 2642 τητι
136 2592 276 2634 Λυκίων
297 2592 473 2647 διαφέρειν
492 2593 574 2631 δοκο
597 2609 681 2637 ντας
705 2593 884 2641 ἐπιλέξας,
905 2594 1070 2640 ἐπέταξεν

42 2654 246 2692 ἀποκτεῖναι
256 2651 490 2704 λοχήσαντας.
505 2650 542 2679 3‘
582 2668 597 2696 ς
614 2651 650 2691 δὲ
667 2653 727 2691 καὶ
741 2652 880 2697 τούτους
890 2653 1073 2693 ἀπέκτεινε

42 2711 184 2758 πάντας,
205 2711 390 2763 θαυμάσας
411 2710 475 2759 τὴν
497 2710 557 2750 δύν
586 2728 645 2763 μιν
673 2714 778 2751 αὐτοῦ
804 2716 822 2752 6
839 2712 1012 2761 Ἰοὸάτης,
1027 2714 1073 2753 τά

42 2770 288 2824 τεγράμματα
317 2769 443 2817 ἔδειξε,
475 2769 534 2809 καὶ
563 2770 648 2825 παρ’
672 2773 768 2825 αὐτῷ
794 2771 908 2823 μένειν
929 2771 1071 2825 ἠξίωσε,

44 2827 118 2873 δοὺς
136 2828 199 2878 τὴν
217 2828 392 2883 θυγατέρα
409 2831 602 2902 Φιλιγοην,
620 2829 681 2870 καὶ
702 2829 863 2879 θνήσκων
882 2830 945 2879 τὴν
968 2834 1073 2884 βασι-

44 2887 137 2928 λείαν
156 2888 340 2928 κατέλιπεν
359 2890 467 2943 αὐτῷ.

499 2973 603 2980 ...-

394 3018 646 3052 ΚΕΦΑΛΑΙΟΝ
663 3019 711 3051 Δ’.

101 3092 156 3145 (ι)
166 3092 328 3147 Ἀκρισίῳ
341 3092 378 3132 δὲ
393 3094 473 3148 περὶ
489 3094 624 3133 παίδων
638 3093 806 3147 γενέσεως
816 3094 968 3149 ἀῤῥένων
985 3113 1075 3151 χρη-

49 3151 307 3206 στηριαζομένῳ
327 3155 345 3191 6
365 3152 438 3197 θεὸς
455 3151 541 3206 ἔφη,
562 3152 723 3205 γενέσθαι
747 3156 856 3193 παῖδα
876 3156 916 3193 ἐκ
934 3158 997 3203 τῆς
1014 3158 1075 3194 Ou-

49 3210 171 3266 γατρὸς
187 3241 197 3260 ,
223 3210 260 3255 ὃς
287 3211 390 3250 αὐτὸν
421 3213 623 3265 ἀποκτείνῃ.
657 3213 783 3257 Δείσας
811 3208 870 3252 οὖν
902 3215 1075 3268 Ἀκρίσιος

49 3273 167 3319 τοῦτο,
188 3269 256 3308 ὑπὸ
271 3273 338 3321 γ’ῆν
358 3271 515 3322 θάλαμον
534 3273 802 3317 κατασκευάσας
820 3273 971 3325 χάλκεον
982 3305 992 3323 ,
1010 3273 1074 3321 τὴν

50 3328 189 3376 Δανάην
207 3327 375 3383 ἐφρούρει.
392 3330 566 3379 2Ταύτην
599 3330 689 3382 μὲν,
716 3334 762 3375 ὡς
788 3331 870 3370 ἔνιοι
899 3331 1073 3383 λέγουσιν,

132 3406 324 3437 FRAGMENTA
346 3413 587 3438 nis‘romeoer.

2058 129 2131 162 129

1103 220 1276 252 concessit.
1293 222 1376 252 Tum
1402 220 1456 253 ille
1480 229 1535 254 eas
1553 229 1589 253 se
1611 221 1800 253 curaturum
1818 219 1984 261 promisit,
2004 221 2031 252 si
2046 221 2133 262 regni

1103 285 1294 317 tantundem
1304 285 1395 318 fratri
1415 294 1474 318 suo
1495 285 1602 319 Bianti
1616 286 1757 319 daretur.
1769 287 1898 319 Proetus
1908 285 2031 318 veritus
2042 294 2130 325 ne,·u

1105 347 1245 381 filiarum
1255 351 1379 382 curatio
1389 351 1518 392 longius
1528 351 1780 392 protraheretur,
1790 351 1884 393 plura
1893 351 1990 384 etiam
2000 353 2135 393 peteret,

1105 414 1143 444 ut
1157 421 1195 445 ea
1205 413 1390 446 conditione
1399 416 1602 455 curarentur,
1613 415 1789 450 consensit.
1805 418 1818 438 ⁷
1829 416 1943 456 Itaque
1955 415 2136 457 Melampus

1107 475 1260 509 adhibitis
1286 478 1498 512 validissimis
1519 479 1782 514 adolescentibus
1804 488 1879 512 cum
1907 479 2138 513 vociferatione

1106 543 1140 574 et
1160 541 1272 574 divina
1286 543 1427 584 quadam
1448 545 1565 578 chorea
1583 554 1601 578 e
1622 545 1786 581 montanis
1807 545 1949 586 virgines
1965 545 2138 586 Sicyonem

1108 615 1213 648 usque
1222 609 1412 648 persecutus
1426 609 1493 649 est;
1506 615 1519 633 ⁸
1530 610 1640 650 quoin
1653 619 1751 643 cursu
1764 610 1900 654 Iphinoe
1910 610 1989 642 natu
1997 609 2140 642 maxima

1108 671 1211 704 vitam
1238 681 1316 705 cum
1337 674 1442 706 morte
1463 676 1696 716 commutavit;
1726 676 1860 718 reliquae
1888 675 2139 709 lustrationibus

1109 746 1198 770 sanae
1225 738 1326 770 menti
1344 738 1480 771 redditae
1496 741 1585 772 sunt.
1609 743 1733 774 Harum
1770 742 1902 774 alteram
1925 741 2139 784 Melampodi,

1111 800 1220 834 Bianti
1246 801 1382 833 alteram
1403 803 1532 834 Proetus
1554 802 1588 834 in
1609 804 1856 837 matrimonium
1886 805 2076 845 collocavit,
2104 812 2143 836 ac

1111 865 1224 907 postea
1246 863 1350 897 filium
1369 864 1481 906 genuit
1495 866 1753 907 Megapenthem.

1518 1003 1658 1035 CAPUT
1680 1004 1739 1035 111.

1159 1074 1203 1115 (1)
1227 1072 1457 1115 Bellerophon,
1474 1072 1598 1105 Glauco
1615 1072 1744 1114 Sisyphi
1760 1072 1826 1105 filio
1841 1073 1950 1113 natus,
1966 1083 2068 1115 quum
2089 1083 2146 1116 per

1115 1131 1371 1176 imprudentiam
1387 1131 1557 1164 Deliadem
1571 1131 1718 1171 fratrem,
1737 1131 1802 1171 vel,
1819 1132 1855 1164 ut
1877 1132 2009 1173 quidam
2025 1133 2145 1173 serunt,

1116 1193 1254 1225 Pirenen
1275 1191 1347 1232 vel,
1362 1192 1400 1224 ut
1422 1190 1477 1223 alii
1501 1190 1634 1230 volunt,
1650 1191 1850 1224 Alcimenem
1874 1191 2085 1232 peremisset,
2106 1192 2148 1224 ad

1117 1251 1263 1283 Proetum
1291 1250 1447 1292 confugit,
1470 1250 1512 1283 ab
1537 1259 1639 1290 eoque
1650 1250 1811 1293 expiatur.
1829 1251 1934 1292 ²EJus
1959 1251 2151 1283 Stheneboea

1119 1318 1230 1342 amore
1257 1310 1352 1351 capta
1380 1309 1491 1343 literas
1523 1309 1564 1342 ad
1595 1318 1671 1342 eum
1699 1309 1790 1342 misit
1807 1309 1848 1341 de
1869 1309 2056 1342 concubitu.
2090 1309 2150 1341 Illo

1120 1378 1197 1402 vero
1219 1370 1411 1408 recusante,
1439 1370 1549 1403 Proeto
1573 1368 1657 1401 dixit
1676 1368 1958 1410 Bellerophontem
1974 1368 2014 1401 de
2039 1369 2151 1409 stupro

1120 1427 1162 1460 ad
1182 1436 1219 1460 se
1239 1426 1339 1459 verba
1354 1427 1493 1459 misisse.
1514 1431 1528 1450 ³
1540 1428 1668 1459 Proetus
1683 1428 1729 1459 rei
1745 1426 1843 1459 fidem
1863 1426 1991 1459 habens
2008 1427 2096 1460 dedit
2124 1427 2154 1460 ei

1121 1482 1160 1514 ad
1184 1480 1319 1514 Iobaten
1349 1480 1519 1522 epistolas,
1535 1480 1654 1522 quibus
1678 1480 1960 1522 Bellerophontem
1983 1480 2082 1521 jussit
2107 1481 2154 1512 in-

1122 1540 1235 1573 terfici.
1266 1539 1420 1572 ⁴Iobates
1438 1539 1531 1572 lectis
1559 1539 1682 1579 literis,
1702 1540 1740 1572 ut
1768 1540 1966 1572 Chimaeram
1994 1539 2156 1572 occideret

1123 1601 1306 1646 imperavit,
1323 1610 1342 1634 a
1362 1601 1430 1634 fera
1444 1601 1537 1634 illum
1553 1602 1735 1643 periturum
1757 1609 1829 1634 esse
1844 1601 2020 1634 arbitratus
2032 1625 2041 1642 ,
2056 1610 2155 1643 quan·

1123 1661 1301 1703 doquidem
1317 1669 1356 1694 ea
1374 1669 1442 1693 non
1454 1660 1571 1700 unius,
1588 1660 1645 1694 sed
1664 1669 1706 1693 ne
1733 1661 1911 1694 multorum
1934 1659 2064 1702 quidem
2081 1660 2156 1693 viri-

1123 1721 1186 1753 bus
1219 1721 1314 1753 facile
1350 1720 1476 1753 domari
1505 1721 1645 1762 poterat.
1663 1720 1894 1753 “Anteriorem
1914 1720 2002 1753 enim
2031 1721 2157 1761 partem

1124 1779 1265 1813 habebat
1285 1779 1407 1819 leonis,
1435 1779 1573 1812 caudam
1604 1779 1772 1819 draconis,
1808 1779 1842 1811 in
1879 1779 1988 1812 media
2017 1779 2158 1820 denique

1124 1841 1216 1882 parte
1228 1839 1363 1872 tertium
1381 1840 1481 1881 caput
1496 1838 1662 1872 eminebat
1683 1847 1789 1880 caprae
1810 1838 2024 1880 ignivomens.
2051 1840 2160 1880 Atque

1125 1898 1291 1939 regionem
1323 1897 1475 1930 vastabat
1508 1905 1690 1938 pecoraque
1720 1896 1951 1938 disperdebat:
1977 1906 2043 1930 una
2072 1897 2158 1931 enim

1125 1955 1226 1989 trium
1253 1954 1437 1988 belluarum
1459 1954 1586 1986 viribus
1611 1956 1680 1986 erat
1698 1954 1869 1986 instructa.
1887 1958 1902 1978 ⁶
1916 1955 2041 1987 Dicunt
2062 1955 2160 1988 etiam

1126 2013 1212 2047 hanc
1229 2013 1426 2047 Chimaeram
1442 2011 1483 2044 ab
1499 2012 1707 2051 Amisodaro,
1729 2012 1767 2045 ut
1782 2013 1944 2044 Homerus
1961 2021 2092 2053 quoque
2103 2011 2160 2052 ait,

1126 2072 1304 2106 enutritam
1332 2071 1451 2111 fuisse,
1484 2073 1597 2104 natam
1626 2079 1704 2103 vero
1734 2071 1892 2113 Typhone
1927 2072 1961 2104 et
1996 2071 2160 2110 Echidna,

1128 2129 1406 2171 quemadmodum
1434 2129 1598 2163 Hesiodus
1620 2131 1740 2161 narrat.
1761 2128 1807 2170 (2)
1851 2131 2038 2162 conscenso
2063 2129 2162 2169 igitur

1129 2192 1263 2231 Pegaso,
1289 2197 1389 2230 quem
1410 2189 1545 2221 Medusa
1574 2198 1611 2221 ac
1633 2190 1782 2232 Neptuno
1810 2190 1918 2221 satum
1946 2190 1979 2221 et
2005 2188 2160 2229 aligerum

1128 2257 1250 2290 equum
1277 2248 1418 2281 habebat
1443 2248 1675 2289 Bellerophon,
1694 2248 1843 2280 sublatus
1860 2248 1894 2280 in
1920 2248 2040 2288 altum,
2059 2257 2100 2280 ex
2123 2256 2161 2279 eo

1130 2307 1328 2341 Chimaeram
1348 2307 1473 2349 sagittis
1493 2307 1644 2340 confecit.
1668 2309 1772 2340 2P0st
1793 2308 1856 2340 hoc
1878 2308 2041 2340 certamen
2065 2306 2162 2348 Jussit

1130 2373 1206 2397 eum
1235 2364 1365 2397 Iobates
1395 2366 1510 2398 contra
1531 2365 1680 2406 Solymos
1702 2373 1856 2406 pugnare.
1881 2364 1944 2397 Ubi
1967 2365 2000 2396 et
2024 2364 2086 2397 hoc
2120 2363 2162 2395 se-

1129 2423 1236 2456 liciter
1257 2425 1435 2465 peregerat,
1458 2423 1548 2456 misit
1564 2433 1638 2456 eum
1667 2424 1709 2456 ad
1737 2423 1944 2456 debellandas
1971 2426 2160 2455 Amazones.

1131 2483 1196 2516 Ubi
1226 2483 1324 2516 etiam
1346 2483 1404 2515 has
1434 2482 1659 2522 interfecerat,
1690 2483 1834 2517 collectis
1858 2483 1914 2523 qui
1943 2482 2058 2514 robore
2079 2481 2162 2513 inter

1130 2543 1247 2584 Lycios
1277 2542 1435 2575 excellere
1461 2542 1658 2575 videbantur
1679 2542 1855 2583 juvenibus
1874 2540 2044 2582 imperavit
2066 2540 2104 2572 ut
2121 2548 2162 2571 ex

1131 2601 1260 2636 insidiis
1275 2610 1350 2634 eum
1364 2601 1596 2634 interimerent.
1615 2604 1629 2623 ³
1641 2600 1704 2633 Ubi
1721 2609 1797 2633 vero
1819 2601 1915 2633 etiam
1932 2600 1992 2630 hos
2005 2598 2046 2630 ad
2059 2607 2162 2630 unum

1131 2669 1247 2694 omnes
1274 2660 1489 2702 Bellerophon
1515 2659 1696 2699 occiderat,
1725 2659 1902 2691 admiratus
1929 2657 2059 2698 juvenis
2083 2665 2162 2698 prae·

1133 2720 1289 2754 stantiam
1314 2720 1444 2753 Iobates
1470 2719 1579 2751 literas
1608 2718 1751 2751 ostendit
1769 2719 1801 2749 et
1822 2717 1897 2749 data
1919 2716 2075 2748 Philonoe
2097 2715 2162 2748 filia

1132 2781 1171 2813 ut
1192 2788 1304 2812 secum
1337 2779 1483 2811 maneret
1506 2777 1643 2819 rogavit,
1663 2785 1701 2808 ac
1728 2775 1868 2807 moriens
1893 2782 2027 2814 regnum
2059 2773 2089 2806 ei
2115 2782 2162 2806 re-

1132 2838 1239 2881 liquit.

1540 3033 1679 3066 CAPUT
1702 3033 1757 3064 IV.

1178 3109 1224 3149 (1)
1247 3105 1372 3140 Acrisio
1385 3104 1426 3137 de
1438 3103 1527 3145 prole
1542 3102 1688 3134 mascula
1703 3101 1871 3134 oraculum
1892 3101 2070 3134 sciscitanti
2083 3102 2164 3134 deus

1135 3164 1313 3207 respondit,
1329 3170 1466 3204 puerum
1482 3168 1522 3193 ex
1549 3159 1615 3192 filia
1639 3160 1817 3200 oriturum,
1840 3159 1896 3200 qui
1913 3159 2020 3200 ipsum
2037 3159 2163 3192 interse-

1135 3226 1249 3256 cturus
1275 3223 1375 3254 esset.
1409 3220 1505 3258 Quod
1535 3219 1679 3252 Acrisius
1706 3219 1955 3261 pertimescens,
1990 3227 2080 3251 aeneo
2102 3218 2164 3251 sub

1135 3285 1221 3316 terra
1239 3280 1389 3314 cubiculo
1423 3280 1630 3319 constructo,
1657 3278 1816 3311 inclusam
1842 3280 1974 3311 Danaen
2005 3279 2163 3311 custodiri

1134 3342 1237 3384 jubet.
1250 3346 1263 3365 Ξ
1274 3343 1376 3380 Hane,
1390 3342 1424 3371 ut
1441 3339 1588 3372 nonnulli
1604 3338 1747 3380 tradunt,
1766 3339 1896 3372 vitiavit
1912 3340 2057 3379 Proetus3
2077 3337 2163 3370 unde

1882 3416 1901 3444 9
