2320 3684
155 211 230 250 294

631 295 694 333 97.

887 209 1192 249 THEOPOMPI
1222 207 1551 252 FRAGMENTA:

1211 304 1214 345 Ι
1241 295 1308 350 γὰρ
1327 300 1345 336 ὁ
1367 297 1489 337 Κλέων
1524 298 1628 337 πέντε
1655 297 1834 347 τάλαντα,
1864 297 1922 337 διὰ
1948 298 1988 337 τὸ
2013 299 2162 353 ὑδρίζειν
2185 300 2266 348 τοὺς

204 353 456 401 Harpocrat.:
475 346 653 393 Σύνταξις.
731 346 860 400 Ἔλεγε
878 346 1184 401 (Demosthenes)
1211 348 1214 411 ᾗ
1239 354 1384 400 ἱππέας·
1403 355 1500 410 παρὰ
1518 360 1586 396 τῶν
1599 359 1780 405 νησιωτῶν
1791 356 1858 411 γὰρ
1872 356 1977 396 ἔλαὸε
1991 357 2096 399 πέντε
2109 359 2267 400 τάλαντα

153 407 189 447 δὲ
206 408 373 453 ἑκάστους
389 408 511 463 φόρους
527 406 725 456 συντάξεις,
746 405 866 454 ἐπειδὴ
880 409 1045 459 χαλεπῶς
1065 405 1184 461 ἔφερον
1211 424 1214 465 ἰ

152 470 183 506 οἱ
214 467 388 516 ἽΞλληνες
426 467 465 506 τὸ
495 468 565 505 τῶν
600 465 714 520 φόρων
747 465 875 517 ὄνομα,
910 465 1183 520 Καλλιστράτου
1212 469 1215 532 ’ἱ

152 526 244 566 οὕτω
263 526 497 576 καλέσαντος,
521 525 568 569 ὥς
585 541 672 579 φησι
685 524 898 576 Θεόπομπος
914 526 949 563 ἐν
967 525 1103 578 δεκάτῳ
1117 526 1187 564 Φι-

150 587 341 625 λιππικῶν.

634 639 699 676 98.

207 698 526 749 Schol.Aristoph
553 696 1188 750 γεερ.ν.941;Θεόπομποςὃῖστο-
1215 716 1218 782 γ
1266 718 1351 755 Fau
1375 717 1411 756 δὲ
1435 722 1479 772 τῇ
1501 719 1646 773 ἀληθείᾳ
1682 720 1958 772 (Hyperbolus)
1989 720 2199 773 Χρέμητος,
2224 724 2271 770 ὡς

1216 784 1219 814 !
1244 774 1457 827 Θεόπομπος
1482 780 1517 816 ἐν
1547 781 1597 832 τῷ
1616 779 1695 833 περὶ
1724 781 1969 831 Δημαγωγῶν.
1993 781 2051 822 Cf.
2074 781 2202 821 Schol.
2221 777 2271 821 ad

103 759 107 764 ¹
154 757 245 811 ρικὸς
265 758 323 797 τὸν
347 757 549 797 Πανταίνου
575 758 679 812 φησὶν
705 756 1054 796 ἀντιπολιτεύσασθαι
1081 758 1189 810 Περι-

152 819 240 867 κλεῖ,
251 819 328 857 ἀλλ’
339 819 402 857 οὐκ
410 818 623 871 Ἀνδροτίων·
636 817 728 857 ἀλλὰ
745 818 804 856 καὶ
815 818 917 861 αὐτὸς
926 817 984 856 τὸν
996 815 1187 863 Μελησίου.

205 880 429 917 Ammonius
443 893 477 916 v.
494 878 824 918 Διαπολιτεύεσθαιι
835 876 1047 927 Θεόπομπος
1061 875 1098 914 δὲ
1110 874 1189 919 τοὺς

153 940 187 976 ἓν
214 944 279 992 μιᾷ
305 937 407 977 πόλει
431 937 743 992 φιλοτιμουμένους
776 937 861 991 πρὸς
879 936 1069 985 ἀλλήλους,
1092 938 1189 973 ἀντι-

153 996 398 1036 πολιτεύεσθαι
415 996 495 1051 ἔφη.

207 1109 337 1148 Sehol.
379 1109 539 1147 Lucian.
569 1110 668 1148 Tim.
711 1120 742 1147 c'.
770 1123 831 1158 29,
868 1117 959 1146 tom.
981 1112 1020 1155 1,
1050 1121 1088 1158 p.
1116 1107 1186 1150 143

153 1169 273 1208 ReitZ.
284 1185 293 1206 :
303 1168 348 1207 ‘O
362 1167 399 1206 δὲ
412 1166 538 1207 Κλέων
554 1167 764 1220 δημαγωγὸς
772 1162 814 1214 ἦν
833 1165 1021 1214 Ἀθηναίων
1036 1180 1189 1218 προστας

155 1228 269 1266 αὐτῶν
299 1227 391 1265 ἑπτὰ
421 1225 504 1275 ἔτη,
529 1225 565 1270 ὃς
586 1229 722 1280 πρῶτος
754 1226 964 1278 δημηγορῶν
996 1223 1187 1276 ἀνέκραγεν

155 1286 213 1324 ἐπὶ
247 1285 404 1338 βήματος
439 1284 499 1324 καὶ
533 1286 804 1339 ἐλοιδορήσατο,
838 1282 965 1337 θρασὺς
988 1283 1036 1322 ὢν
1060 1282 1188 1329 οὕτως,

153 1537 227 1573 γον·
242 1521 429 1574 τυγχάνειν
450 1520 518 1575 γὰρ
541 1520 644 1559 αὐτὸν
668 1519 815 1567 θύοντα,
842 1519 901 1557 καὶ
927 1518 1040 1564 ξένους
1069 1521 1187 1572 ἑστιᾷν

154 1578 330 1630 μέλλοντα
343 1611 352 1628 ,
370 1580 429 1618 καὶ
453 1580 615 1618 διαλῦσαι
637 1579 700 1627 τὴν
720 1578 922 1626 ἐκκλησίαν.
946 1583 1041 1617 Rem
1061 1585 1190 1616 narrat

155 1640 270 1677 etiam
299 1639 525 1677 Plutarchus
555 1639 596 1676 in
628 1641 826 1690 Praeceptt.
846 1638 943 1689 pol.,
962 1651 1039 1683 non
1056 1637 1189 1675 addito
1217 1663 1220 1672 .

1216 1691 1221 1730 ἰ
1245 1680 1401 1718 minibus
1417 1681 1519 1729 fore.

153 1707 319 1737 auctore.

627 1752 638 1788 1
648 1750 712 1788 ΟΟ.

209 1810 548 1861 Schol.Aristoph.
569 1813 636 1860 Eq.
661 1824 696 1847 v.
717 1810 792 1847 226
811 1824 818 1846 :
837 1807 1050 1860 Θεόπομπος
1078 1810 1112 1846 ἐν
1134 1808 1189 1846 δε-

155 1868 254 1924 κάτῳ
269 1871 337 1923 (sic
350 1870 538 1908 Wichers.
554 1883 627 1921 pro
641 1870 742 1920 vulg.
755 1868 940 1922 ἑνδεκάτῳ)
955 1870 1186 1908 Φιλιππικῶν

156 1945 275 1983 φησιν,
296 1928 349 1967 ὅτι
365 1931 396 1967 οἱ
419 1931 536 1972 ἱππεῖς
554 1927 695 1979 ἐμίσουν
729 1927 831 1966 αὐτόν
852 1927 1061 1980 (Cleonem)
1074 1943 1082 1950 ·
1100 1942 1189 1980 προ-

155 1988 384 2035 πηλακισθεὶς
407 1987 474 2041 γὰρ
506 1988 565 2025 ὑπ’
575 1989 687 2026 αὐτῶν
711 1986 772 2025 καὶ
796 1986 1016 2040 παροξυνθεὶς
1041 1986 1187 2034 ἐπετέθη

155 2056 200 2100 τῆ
214 2053 392 2107 πολιτείᾳ,
409 2053 469 2091 καὶ
486 2051 675 2091 διετέλεσεν
692 2054 739 2096 εἷς
756 2051 879 2096 αὐτοὺς
899 2051 993 2090 κακὰ
1011 2051 1187 2104 μηχανώ-

158 2127 260 2162 μενος
273 2128 281 2136 ·
303 2111 524 2166 κατηγόρησε
544 2109 611 2165 γὰρ
632 2113 745 2150 αὐτῶν
765 2113 812 2155 ὡς
830 2110 1185 2165 λειποστρατούντων.

210 2225 338 2263 Schol.
370 2224 570 2276 Aristoph.
591 2165 760 2263 Acfflrn.
779 2237 813 2261 v.
836 2224 859 2260 6
878 2239 888 2261 ι
980 2221 1185 2273 Ἐζημιώθη

158 2301 245 2309 ——

640 2341 704 2375 9⁷.

198 2395 353 2432 Σύνταξις.
370 2410 412 2421 --7
429 2395 538 2432 Quum
564 2394 762 2426 vocabulum
783 2396 846 2426 τῶν
867 2392 969 2436 φόρων
990 2394 1123 2425 Graecos
1141 2393 1188 2425 of-

157 2441 436 2481 fenderet‚tributa
447 2442 574 2482 singula
586 2440 847 2481 (Demosthenes)
870 2441 1009 2473 vocabat
1018 2439 1184 2478 συντάξεις,

156 2490 244 2522 illius
259 2489 399 2521 nominis
413 2491 546 2521 auctore
566 2489 752 2522 Callistrato
763 2511 772 2528 ‚
789 2489 827 2520 ut
845 2489 942 2521 refert
956 2486 1186 2529 Theopompus

158 2537 192 2569 in
206 2537 332 2569 decimo
345 2536 613 2578 Philippicorum.

197 2642 427 2685 Theopompus
441 2642 614 2674 historicus
631 2640 779 2674 Pantaeni
792 2641 895 2673 filium
911 2640 957 2672 ait
969 2639 1002 2672 in
1018 2640 1186 2681 republica

157 2690 297 2732 gerenda
315 2689 428 2722 Pericli
447 2689 654 2722 adversatum
672 2688 791 2728 fuisse;
808 2697 872 2720 non
887 2688 932 2720 ita
948 2687 1118 2728 Androtio,
1131 2688 1188 2729 qui

157 2738 198 2770 de
221 2738 362 2770 Melesiae
377 2732 444 2769 {ilio
465 2737 528 2769 hoc
545 2736 654 2769 tradit.

199 2785 429 2825 Theopompus
444 2783 726 2816 ἀντιπολιτεύεσθαι
743 2783 824 2816 dicit
838 2791 894 2815 eos
908 2806 917 2823 ‚
947 2781 1003 2823 qui
1022 2781 1056 2814 in
1073 2782 1187 2815 eadem

158 2829 290 2864 civitate
304 2831 482 2864 ambitione
494 2831 578 2863 inter
595 2839 630 2863 se
647 2831 824 2863 decertant.

640 2891 704 2923 99.

200 2943 300 2975 Cleon
317 2942 513 2984 demagogus
540 2945 608 2975 erat
623 2943 871 2976 Atheniensium
883 2967 892 2983 ,
917 2941 1036 2983 quibus
1053 2941 1190 2983 praefuit

159 2991 283 3030 septem
296 2999 410 3022 annos.
427 2993 459 3022 Is
474 2990 600 3032 primus
615 2990 867 3032 demagogorum
882 2991 916 3022 in
936 2990 1050 3022 rostris
1066 2990 1186 3022 clamo-

159 3036 250 3069 ribus
263 3046 343 3069 usus
359 3040 408 3069 est
421 3039 453 3070 et
467 3038 637 3070 conviciis.
652 3039 757 3071 Tanta
771 3040 840 3071 erat
856 3037 1038 3071 temeritate
1057 3039 1096 3069 ut
1111 3061 1120 3078 ‚
1136 3046 1191 3070 au-

158 3087 248 3116 ctore
266 3085 495 3126 Theopompo,
517 3095 618 3126 quum
641 3086 854 3118 Athenienses
874 3085 1105 3117 convenissent
1119 3108 1128 3122 ,
1155 3084 1189 3116 in

160 3131 331 3163 concilium
346 3132 481 3164 intraret
495 3142 647 3165 coronam
662 3136 793 3174 portans
807 3136 838 3165 et
850 3133 978 3174 juberet
992 3141 1048 3164 eos
1062 3131 1190 3165 differre

158 3179 357 3209 conventum
372 3201 381 3215 ‚
396 3187 524 3210 sacrum
537 3181 623 3212 enim
643 3189 678 3212 se
694 3180 798 3212 facere
821 3183 853 3212 et
868 3180 1022 3212 convivio
1042 3180 1190 3222 excipere

160 3224 243 3257 velle
255 3225 413 3265 hospites,
430 3225 546 3267 hisque
562 3227 671 3259 verbis
688 3229 877 3260 concionem
891 3229 1042 3261 solveret.

633 3283 718 3314 100.

202 3327 434 3369 Theopompus
477 3330 604 3364 decimo
654 3333 911 3375 Philippicorum
947 3334 993 3367 ait
1012 3344 1020 3365 ε
1046 3335 1131 3376 Equi
1153 3344 1189 3368 es

161 3374 274 3407 odium
286 3375 317 3407 in
330 3376 482 3408 Cleonem
500 3378 679 3411 habebant:
698 3390 772 3412 nam
789 3381 987 3414 contumelia
999 3382 1092 3414 abiis
1111 3383 1186 3415 asse-

159 3423 234 3455 otus
248 3424 281 3455 et
301 3423 532 3466 exacerbatus,
551 3426 735 3467 reipublicoe
759 3429 907 3469 gerendae
924 3430 1083 3462 rationem
1109 3440 1187 3464 ouo-
1216 3439 1222 3469 ι

1241 417 1259 452 ὃ
1284 415 1419 465 Κλέων,
1441 415 1499 455 ἵνα
1517 417 1621 470 πείσῃ
1647 433 1722 459 τους
1741 416 1938 463 Ἀθηναίους
1958 417 2121 471 κουφίσαι
2144 418 2268 463 αὐτοὺς

1241 476 1303 520 τῆς
1335 475 1517 529 εἰσφορᾶς·
1548 476 1747 528 αἰσθόμενοι
1776 474 1812 513 δὲ
1842 478 1874 514 οἱ
1895 475 2050 525 Ἱππεῖς,
2086 477 2268 531 ἀντέλεγον

1242 531 1302 570 καὶ
1320 532 1507 586 ἀπῄτησαν
1521 534 1638 574 αὐτόν.
1657 533 1847 586 Μέμνηται
1868 534 2092 586 Θεόπομπος.

1715 601 1800 639 102.

1298 659 1423 698 Schol.
1443 661 1601 699 Lucian.
1631 661 1728 699 Tim.
1757 674 1788 698 c.
1823 674 1895 711 29,
1925 670 2017 699 tom.
2041 664 2077 708 1,
2106 676 2145 714 p.
2174 668 2269 708 142:

1244 713 1259 729 Ἰ

1244 835 1438 888 Aristoph.
1456 841 1541 875 Pnc.
1558 840 1659 887 6803
1678 838 1726 876 ad
1745 842 1859 890 Vesp.
1883 853 1993 876 1001.

1714 902 1800 942 103.

1298 964 1427 1002 Schol.
1447 964 1641 1016 Aristoph.
1663 969 1775 1018 Vesp.
1796 981 1831 1004 v.
1858 980 1952 1004 1001
1973 983 1982 1005 t
2003 967 2218 1019 Θεόπομπος
2234 967 2272 1007 δέ

1245 1038 1332 1076 φησι
1411 1023 1574 1076 γράφων,
1602 1023 1653 1063 ὅτι
1694 1024 1953 1078 ἐξωστράκισαν
1975 1026 2034 1065 τὸν
2054 1026 2272 1081 Ὑπέρὸολον

1216 1091 1220 1111 ³
1246 1080 1280 1126 ἓξ
1297 1081 1374 1129 ἔτη·
1396 1084 1414 1120 ὁ
1428 1081 1464 1120 δὲ
1484 1082 1729 1126 καταπλεύσας
1750 1085 1797 1128 εἰς
1813 1084 1950 1135 Σάμον,
1968 1085 2027 1124 καὶ
2047 1085 2112 1133 τὴν
2136 1085 2272 1132 οἴκησιν

1154 1163 1164 1181 x
1216 1155 1220 1181 ι
1246 1142 1352 1179 αὐτοῦ
1370 1141 1616 1192 ποιησάμενος,
1626 1142 1865 1182 ἀπέθανε-καὶ
1878 1142 2000 1182 τούτου
2019 1143 2076 1182 τὸν
2093 1144 2212 1198 νεκρὸν
2228 1146 2274 1188 εἷς

1217 1184 1219 1223 l
1255 1200 1266 1213 ι,

1217 1228 1220 1243 1
1249 1198 1353 1237 ασκὸν
1378 1199 1583 1251 ἀγαγόντες,
1605 1202 1651 1243 εἰς
1670 1199 1710 1239 τὸ
1729 1200 1880 1253 πέλαγος
1901 1201 2182 1242 κατεπόντωσαν.

1300 1261 1408 1296 Hanc
1427 1272 1507 1296 rem
1523 1260 1682 1297 Luciani
1699 1273 1854 1311 quoque
1871 1260 2102 1299 Scholiastes
2112 1262 2159 1299 ad
2174 1262 2272 1300 Tim.

154 1343 269 1394 ὥστε,
311 1344 425 1388 καθὼς
463 1343 677 1396 Θεόπομπος
720 1347 849 1396 ἱστορεῖ
863 1373 872 1390 '
905 1342 1187 1389 συνεληλυθότων
1217 1349 1220 1411 Ι
1247 1331 1298 1367 29
1316 1331 1363 1355 ex
1379 1317 1635 1369 Theopompo
1651 1318 1788 1367 aflei-t,
1807 1319 1941 1357 addito
1959 1319 2049 1358 libri
2070 1334 2244 1359 numero.

155 1403 346 1452 Ἀθηναίων
373 1405 558 1458 παρελθεῖν
597 1405 643 1448 εἷς
680 1402 744 1450 τὴν
786 1401 977 1448 ἐκκλησίαν
1018 1399 1187 1454 στέφανον
1217 1413 1220 1446 ι

154 1462 302 1516 ἔχοντα,
322 1462 382 1501 καὶ
402 1463 565 1501 κελεῦσαι
590 1461 713 1505 αὐτοὺς
730 1459 969 1500 ἀναὸαλέσθαι
984 1460 1042 1499 τὸν
1061 1458 1190 1498 σύλλο-
1217 1448 1220 1529 l

1715 1383 1802 1421 104.

1299 1449 1341 1483 A.
1366 1445 1511 1483 Gellius
1533 1447 1579 1484 N.
1595 1449 1641 1484 A.
1662 1449 1749 1490 XV,
1773 1461 1845 1484 20:
1864 1450 2052 1498 Euripidis
2059 1454 2183 1498 poetoe
2195 1464 2274 1488 ma·-

1248 1511 1340 1539 trem
1381 1504 1630 1554 Theopompus
1656 1510 1814 1555 agrestia
1839 1509 1940 1543 olera
1969 1509 2189 1545 vendentem
2219 1514 2276 1547 vi·-

1244 1571 1338 1599 ctum
1374 1567 1546 1611 quaesisse
1573 1566 1679 1609 dicit;
1703 1569 1810 1614 patri
1833 1575 1955 1603 autem
1990 1571 2082 1614 esus,
2105 1577 2191 1605 nato
2212 1571 2275 1606 illo

1246 1634 1457 1671 responsum
1477 1631 1532 1659 est
1547 1637 1572 1659 a
1594 1624 1783 1661 Chaldaeis
1797 1639 1879 1663 eum
1899 1630 2072 1664 victorem
2097 1631 2134 1664 in
2154 1637 2275 1666 certa—

1715 1745 1799 1785 105.

1298 1802 1401 1840 Plut.
1420 1806 1528 1841 Dein.
1549 1817 1588 1854 p.
1609 1805 1700 1852 847,
1722 1819 1755 1842 c.
1778 1812 1821 1850 [μ
1842 1806 2088 1858 Δημοσθένης,
2118 1810 2137 1847 ὁ
2155 1808 2274 1864 πατὴρ

1244 1861 1508 1913 Δημοσθένους,
1526 1856 1569 1910 ἦν
1587 1861 1649 1915 μὲν
1665 1866 1733 1901 τῶν
1756 1867 1873 1903 καλῶν
1892 1865 1951 1903 καὶ
1965 1867 2103 1917 ἀγαθῶν
2125 1868 2275 1921 ἀνδρῶν,

1245 1922 1291 1964 ὡς
1305 1922 1434 1974 ἱστορεῖ
1458 1921 1671 1973 Θεόπομπος
1683 1938 1691 1946 ·
1719 1925 1924 1963 ἐπεκαλεῖτο
1944 1924 1980 1963 δὲ
2001 1926 2253 1980 μαχαιροποιὸς
2265 1957 2277 1977 ,

1245 1979 1472 2034 ἐργαστήριον
1495 1979 1587 2034 ἔχων
1608 1980 1719 2033 μέγα,
1742 1982 1801 2021 καὶ
1825 1982 1964 2028 δούλους
1989 1984 2149 2038 τεχνίτας
2173 1989 2276 2026 τοῦτο

1244 2038 1469 2092 πράττοντας.

1714 2106 1801 2145 106.
2118 2157 2122 2161 ⁴

1297 2163 1403 2201 Idem
1421 2163 1515 2203 ibid.
1536 2178 1575 2216 p.
1598 2165 1689 2215 851,
1715 2179 1748 2204 c.
1779 2167 1823 2204 13
1849 2182 1858 2204 :
1877 2164 1984 2206 ‘'Oflev
2007 2170 2071 2206 οὐκ
2095 2161 2160 2207 οἷδ’
2181 2167 2276 2214 ὅπως

1244 2221 1404 2276 παρέστη
1425 2223 1630 2277 Θεοπόμπῳ
1642 2223 1769 2276 λέγειν,
1790 2225 1893 2264 αὐτὸν
1909 2225 2072 2265 ἀὸέὸαιον
2090 2230 2139 2281 τῷ
2155 2227 2276 2283 τρόπῳ

1243 2342 1370 2373 cunque
1385 2332 1485 2365 modo
1501 2334 1724 2375 reprehendit,
1739 2338 1771 2367 et
1786 2336 1872 2368 mala
1887 2335 1926 2368 iis
1953 2337 2131 2370 machinari
2143 2346 2211 2371 non
2225 2338 2275 2372 de·

1242 2379 1297 2412 siit
1314 2390 1321 2411 :
1338 2380 1502 2413 accusavit
1516 2381 1602 2413 enim
1615 2391 1671 2414 eos
1689 2382 1778 2423 quod
1798 2383 1944 2416 militiam
1959 2383 2190 2418 deseruissent.

1285 2474 1386 2507 Cleon
1402 2474 1558 2507 multatus
1573 2477 1624 2508 est
1639 2475 1784 2517 quinque
1799 2477 1941 2517 talentis,
1952 2478 2041 2519 quod
2054 2478 2189 2520 Equites
2200 2487 2274 2512 con·

1243 2520 1389 2554 tumeliis
1407 2522 1558 2553 affecerat
1574 2532 1585 2552 :
1604 2531 1743 2563 namque
1759 2525 1924 2564 acceperat
1945 2525 2045 2558 Cleon
2062 2525 2103 2557 ab
2118 2525 2273 2559 insulanis

1243 2568 1387 2608 quinque
1401 2567 1537 2606 talenta,
1555 2571 1593 2599 ut
1617 2569 1828 2602 Athenienses
1844 2569 2019 2603 adduceret
2035 2571 2076 2603 ad
2091 2571 2273 2605 diminuen-

1244 2615 1322 2646 dum
1342 2614 1382 2645 iis
1404 2614 1585 2654 tributum3
1606 2616 1668 2647 hoc
1682 2625 1783 2656 quum
1803 2617 1938 2658 Equites
1957 2617 2272 2659 animadvertissent,
2300 2643 2301 2646 η

1243 2661 1386 2693 oblocuti
1404 2663 1482 2693 sunt
1503 2663 1535 2693 et
1547 2662 1720 2702 pecuniam
1735 2663 1777 2695 ab
1793 2672 1831 2696 eo
1846 2663 2053 2706 repetierunt.
2067 2666 2137 2698 Hoc
2155 2674 2272 2698 memo·

1245 2711 1295 2740 rat
1309 2709 1548 2749 Theopompus.

1285 2804 1346 2835 Est
1358 2811 1470 2834 revera
1483 2802 1663 2836 Chremetis
1683 2804 1768 2836 iilius
1785 2805 2028 2846 (Hyperbolus),
2044 2807 2083 2838 ut
2096 2806 2271 2848 Theopom·
2300 2828 2303 2829 ν

1245 2859 1306 2891 pus
1320 2849 1420 2882 tradit
1434 2849 1470 2880 iu
1485 2849 1569 2882 libro
1585 2851 1626 2883 de
1644 2852 1848 2892 Demagogis.

1285 2950 1513 2991 Theopompus
1530 2951 1662 2983 scribit:
1679 2906 1862 2984 inlegililium
1875 2952 2034 2984 miserunt
2053 2953 2282 2994 Hyperbolum*

1243 2998 1276 3030 in
1294 3006 1349 3030 sex
1367 3005 1470 3029 annos
1488 3007 1495 3028 :
1514 2998 1566 3029 hic
1582 2998 1696 3030 deinde
1712 2998 1745 3029 in
1763 3000 1895 3030 Samum
1909 2999 2032 3039 trajecit
2044 2999 2154 3041 ibique
2170 2999 2288 3042 domi·¹

1244 3045 1319 3078 cilio
1335 3044 1441 3086 posito
1468 3047 1617 3076 mortuus
1631 3047 1680 3077 est
1701 3054 1708 3076 :
1729 3045 1798 3086 ejus
1812 3045 1950 3079 cadaver
1970 3055 2065 3079 sacco
2087 3047 2270 3080 immissum

1244 3093 1278 3125 in
1294 3101 1384 3125 mare
1399 3092 1594 3133 deiecerunt.

1285 3184 1529 3226 Demosthenes,
1542 3186 1632 3227 pater
1649 3141 1886 3228 Denligssthenis,
1905 3185 1976 3227 fuit,
1994 3189 2030 3219 ut
2046 3187 2145 3220 tradit
2168 3186 2268 3220 ‘rhoo-
2279 3190 2293 3223 .“
2315 3214 2320 3233 ·,

1244 3243 1394 3276 pompus,
1409 3243 1450 3266 ex
1462 3233 1687 3275 optimatibus,
1701 3234 1755 3266 sed
1785 3243 1962 3275 cognomen
1978 3233 2082 3266 fuitei
2096 3234 2270 3266 Machaero-
2294 3235 2299 3237 Α
2319 3247 2320 3260 1

1244 3289 1329 3322 poeo,
1347 3280 1434 3321 quod
1462 3280 1622 3312 officinam
1657 3289 1807 3321 magnam
1839 3281 2016 3321 gladiorum
2047 3280 2269 3313 faciendorum
2319 3281 2320 3288 ¹

1243 3329 1418 3368 exerceret,
1435 3329 1468 3360 et
1479 3336 1591 3360 servos
1612 3328 1682 3369 ejus
1697 3328 1821 3360 artilicii
1839 3328 1968 3361 haberet
1981 3328 2112 3370 peritos.

1285 3430 1393 3467 Quare
1407 3428 1615 3470 Theopompo
1628 3382 1731 3461 mirorl
1740 3383 1818 3469 gilli-d
1835 3428 1868 3460 in
1882 3432 2023 3461 mentem
2038 3427 2171 3462 venerit,
2186 3426 2268 3467 inge·
