2320 3684
163 175 205 214 14
910 176 1151 217 HECATAEI
1179 178 1508 219 FRAGMENTA.

632 259 714 296 198.

211 321 263 357 St.
294 321 333 355 B.
361 317 563 371 Πάτρασις,
582 316 684 412 πόλξ
704 316 879 365 Ποντικὴ,
897 320 944 363 ὥς
957 317 1037 359 Ἑκ.
1057 320 1127 360 Ἀσ.

682 377 719 416 9.

213 439 264 475 St.
285 439 324 473 Β.
350 434 508 489 Κρόσσα,
524 433 624 477 πόλις
641 432 727 487 πρὸς
739 436 789 488 τῷ
807 434 946 489 Πόντῳ,
969 435 1048 476 Ἑκ.
1070 437 1179 491 Ἀσίᾳ.

159 492 255 547 Ἀσίᾳ
279 494 401 531 codex
421 494 640 531 Vossianus.
662 493 759 531 Edd.
781 493 949 548 Εὐρώπῃ.

631 552 720 591 200.

209 612 335 651 strab.
357 615 448 662 XII,
470 625 508 662 p.
530 613 607 650 830
627 627 635 650 ε
657 611 801 660 Ταύτην
822 612 998 667 (Ἔνετὴν)
1017 613 1054 653 δέ
1076 630 1180 669 φησιν

159 671 448 724 (Ἀπολλόδωρος)
466 671 654 709 Ἑκαταῖον
669 670 727 710 τὸν
745 672 920 720 Μιλήσιον
940 673 1103 726 δέχεσθαι
1117 673 1181 722 τὴν

158 729 310 780 Ἀμισόν.
331 730 474 768 Eadem
492 730 652 780 legimus
668 733 773 770 Eust.
798 732 841 769 ΙΙ.
857 734 899 780 Β,
919 734 1016 771 852:
1031 734 1184 780 Ζηνόδο-

156 804 213 832 τος
243 793 312 826 νοεῖ
341 786 490 845 Ἑνετὴν
516 787 713 832 ἀκολούθως
748 792 798 844 τῷ
817 789 1000 844 Ἑκαταίῳ
1030 791 1094 839 τὴν
1121 797 1182 832 νῦν

157 846 296 898 Ἀμισὸν
337 846 568 901 Λευκοσύρων
603 842 723 888 ουσαν.
755 851 929 901 Oiigines
957 831 1117 900 Sinopes
1136 866 1183 890 ex

155 908 323 946 Hecataei
343 907 497 958 scriptis
516 916 725 947 narrantur
749 910 877 948 Schol.
907 910 1090 961 Apollon.
1122 915 1182 959 II,

156 967 244 1017 9ιὸ-

625 1025 717 1066 201.

210 1085 264 1121 St.
285 1087 327 1121 Β.
346 1083 536 1137 Στεφανίς,
554 1082 654 1127 πόλις
668 1083 939 1137 Μαριανδύνων.
958 1085 1039 1126 Ἕκ.
1056 1086 1128 1125 Ἀσ.

210 1203 273 1239 Sti
276 1200 334 1238 ab
348 1204 438 1248 XII,
459 1215 495 1252 p.
515 1202 612 1239 828.
627 1200 670 1241 Ὁ
688 1199 723 1239 δὲ
743 1201 937 1255 Σκήψιος..
940 1219 1102 1242 επαινει
1116 1219 1185 1255 μα-

156 1261 260 1297 λιστα
279 1258 343 1306 τὴν
363 1259 556 1298 Ἑκαταίου
575 1275 637 1298 του
655 1259 833 1307 Μιλησίου
855 1260 916 1299 καὶ
940 1262 1184 1316 Μενεκράτους

156 1321 217 1356 τοῦ
237 1314 403 1356 Ἐλαίτου
446 1320 515 1356 τῶν
557 1318 796 1380 Ξενοκράτους
828 1319 1013 1373 γνωρίμων
1051 1322 1183 1375 ἀνδρῶν

157 1375 269 1425 δόξαν,
285 1376 345 1414 καὶ
363 1375 426 1424 τὴν
447 1377 696 1431 Παλαιφάτου,
713 1381 761 1415 ὢν
781 1380 799 1416 ὃ
820 1376 917 1428 μὲν’
902 1394 937 1417 εν
951 1394 1015 1430 γης
1033 1379 1184 1433 περιόδῳ

157 1435 308 1488 (mciv-a
293 1436 406 1474 «Ἐπὶ
421 1435 450 1474 δ’
469 1435 611 1489 Ἀλαζία
623 1435 724 1475 πόλει
740 1436 898 1488 ποταμὸς
914 1440 932 1475 ὁ
950 1437 1080 1490 Ῥῦμος
1097 1439 1182 1493 ῥέων

158 1493 242 1532 «διὰ
261 1494 445 1546 Μυγδόνης
460 1494 617 1533 πεδίου’
598 1494 669 1533 απὸ
685 1494 838 1539 δύσιος’
822 1512 862 1534 εκ
886 1512 948 1544 της
972 1497 1098 1549 λίμνης
1122 1502 1185 1547 τῆς

158 1553 438 1615 «ΝΔασκυλιτίδος
471 1555 505 1597 ἐς
525 1553 716 1593 Ῥυνδακὸν
758 1554 956 1603 ἐσὸάλλει,)
949 1575 964 1591 »
991 1556 1121 1610 ἔρημον
1148 1558 1184 1598 δὲ

156 1616 245 1651 εἰναι
274 1628 333 1651 νυν
353 1611 416 1659 τὴν
441 1612 601 1657 Ἀλαζίαν
619 1611 726 1664 λέγει,
749 1613 872 1665 κώμας
898 1614 943 1654 δὲ
952 1614 1087 1659 πολλὰς
1113 1633 1183 1656 των

152 1664 357 1716 Αλαζώνων
375 1673 557 1723 οἰκεῖσθαι,
576 1665 663 1709 δι”ἓ
636 1687 685 1711 ων
705 1671 902 1726 Ὀδρύσσης
919 1676 980 1727 ῥεῖ·
1001 1676 1035 1712 ἓν
1051 1674 1088 1713 δὲ
1104 1675 1183 1714 ταύ-

154 1746 231 1774 ταις
250 1746 308 1768 τον
331 1729 535 1768 Απόλλωνα
560 1734 732 1781 τιμᾶσθαι
752 1730 1003 1786 διαφερόντως,
1025 1733 1084 1772 καὶ
1108 1733 1182 1785 μά-

153 1791 258 1827 λιστα
277 1788 368 1828 κατὰ
385 1788 479 1835 τὴν’
463 1788 621 1842 εφορείαν
648 1806 717 1828 των
750 1792 970 1838 Κυζικηνων.
1002 1795 1182 1844 Scepsius

154 1849 216 1886 ille
250 1857 307 1886 est
339 1849 557 1887 Demetrius
595 1850 848 1900 geographus.
883 1851 1027 1889 Eadem
1065 1852 1182 1891 habet

154 1908 378 1945 Eustathius
401 1908 461 1958 (ΙΙ.
483 1909 528 1954 Β,
547 1908 640 1956 856)
655 1923 663 1945 :
680 1907 840 1954 Ἀλαζίαν
859 1908 895 1947 δὲ
919 1909 1021 1948 πόλιν
1042 1911 1182 1965 ἐρημω-

155 1969 271 2005 Θεῖσαν
282 1966 362 2005 Ἕκ.
376 1968 522 2019 ἱστορεῖ,
543 1984 558 1999 ιι
573 1965 694 2018 κωμὰς
705 1965 740 2005 δὲ
753 1966 887 2011 πολλὰς
896 1969 965 2007 τῶν
977 1968 1180 2015 Ἀλαζώνων

155 2027 362 2072 «οἰκεῖσθαι,
382 2026 417 2063 ἐν
437 2019 486 2069 οἷς
505 2024 684 2064 Ἀπόλλων
705 2032 852 2077 τιμᾶται
871 2027 1102 2082 διαφερόντως
1121 2030 1180 2069 καὶ

154 2102 168 2117 ιι
183 2083 339 2136 μάλιστα
355 2083 448 2122 κατὰ
467 2083 530 2131 τὴν
545 2083 703 2139 ἐφορείαν
722 2087 791 2124 τῶν
809 2087 1056 2134 Κυζικηνῶν.»

207 2202 332 2240 strab.
363 2204 452 2251 XII,
493 2216 531 2254 p.
565 2143 886 2255 8292(:J}qp.6-tpt0;
915 2206 933 2242 ὁ
956 2204 1113 2257 Σκήψιος

634 2320 649 2353 1
686 2321 723 2353 8.

194 2372 353 2411 Patrasis‚
370 2372 448 2404 urbs
465 2373 609 2404 Pontica.
659 2321 681 2354 9

194 2480 330 2518 Cressa,
346 2477 426 2510 urbs
441 2487 540 2519 prope
555 2426 711 2510 Poniffi..

192 2586 233 2616 Et
247 2582 362 2615 asserit
383 2531 815 2623 (Apollodoruszogenetam
827 2582 868 2615 ab
888 2583 1041 2617 Hecataeo
1055 2583 1180 2617 Milesio

151 2630 253 2672 accipi
267 2630 307 2662 de
322 2629 402 2661 urbe
418 2629 538 2662 Amiso.

192 2736 378 2778 Stephanis,
396 2735 475 2768 urbs
493 2683 791 2776 Marian‘sissnlorum.

192 2842 333 2874 Maxime
356 2844 464 2874 autem
478 2842 590 2874 laudat
609 2841 761 2883 Scepsius
776 2840 920 2874 Hecataei
939 2839 1053 2872 Milesii
1069 2842 1101 2872 et
1114 2841 1177 2872 Me-

150 2888 288 2920 necratis
304 2889 431 2929 Elaites,
453 2888 708 2930 quiXenocratis
727 2888 860 2920 fuerunt
872 2887 1038 2928 discipuli,
1057 2887 1177 2927 opinio-

151 2943 223 2966 nem
236 2959 245 2973 ‚
275 2945 312 2967 ac
330 2937 518 2977 Palaepliati.
562 2938 733 2969 Hecataeus
754 2935 788 2967 in
805 2937 914 2968 Terrae
928 2934 1118 2967 circuitione
1134 2934 1180 2966 ita

150 2981 282 3014 scribit:
302 2995 318 3009 ιι
334 2982 383 3014 Ad
407 2983 546 3014 Alaziam
575 2982 688 3014 urbem
705 2981 826 3014 fluvius
840 2983 890 3014 est
913 2981 1066 3022 Rhymus
1084 3004 1093 3020 ‚
1124 2981 1180 3022 qui

149 3036 206 3068 per
218 3028 442 3068 Myqdonium
464 3038 617 3071 campum
642 3028 682 3061 ab
703 3037 821 3061 occasu
846 3027 964 3060 labitur
978 3037 997 3061 e
1017 3028 1097 3060 lacu
1111 3030 1179 3059 Da-

148 3074 320 3113 scylz'tidc‚
336 3075 412 3106 etin
429 3076 656 3116 Rhyndacum
671 3074 781 3115 exit»,
798 3075 905 3116 aitque
918 3083 1006 3107 nunc
1020 3075 1179 3107 desertam

148 3128 220 3151 esse
235 3120 398 3152 Alaziam:
421 3122 540 3154 multos
569 3125 678 3154 autem
704 3123 883 3155 Alazonum
903 3131 1002 3163 pagos
1028 3121 1179 3161 habitari,

147 3175 231 3206 quos
251 3167 410 3207 odrysses
424 3169 578 3208 perfluat:
607 3169 642 3200 in
660 3169 779 3210 quibus
804 3168 918 3210 Apollo
940 3168 1179 3202 studiosissime

148 3212 291 3251 colatur,
309 3213 448 3245 maxime
466 3214 495 3244 in
519 3215 657 3247 confinio
675 3216 919 3256 Cyzicenorum.

622 3270 671 3301 20

188 3318 369 3349 Demetnius
404 3319 586 3359 Scepsius.
631 3270 802 3361 desscepsi
815 3320 917 3361 patiia
945 3328 1005 3352 sua
1020 3319 1176 3358 scribens,

148 3373 248 3406 prope
267 3373 337 3395 cam
361 3367 391 3396 cl
407 3367 561 3406 Esepum
578 3366 622 3397 ait
638 3375 709 3399 csse
726 3369 847 3399 Eneam
865 3375 1006 3408 pagum,
1034 3369 1066 3398 et
1082 3368 1178 3407 Argy-

1241 262 1286 302 τὰ
1310 263 1390 318 περὶ
1407 263 1471 312 τὴν
1494 265 1632 317 Σκῆψιν
1656 266 1850 315 νομοθετῶν
1874 264 1936 312 τὴν
1960 267 2084 304 ἑαυτοῦ
2110 267 2263 320 πατρίδα

1241 323 1391 371 πλησίον
1409 326 1472 370 τ’ῆς
1489 323 1661 377 Σκήψεως
1684 324 1743 362 καὶ
1769 328 1830 362 τοῦ
1859 323 2023 371 Αἰσήπου
2043 324 2170 364 Ἐνέαν
2193 325 2263 364 κώ-

1242 394 1312 432 μην
1329 382 1389 421 καὶ
1409 382 1588 436 Ἀργυρίαν
1606 381 1702 433 λέγει
1720 382 1779 421 καὶ
1800 383 1972 427 Ἀλαζίαν·
1986 387 2098 423 ταῦτα
2116 383 2178 436 μὲν
2191 378 2264 434 οῧν,

1241 442 1271 478 εἷ
1289 442 1350 480 καὶ
1366 441 1453 491 ἔστι,
1467 441 1552 494 πρὸς
1566 447 1641 485 ταῖς
1665 448 1793 493 πηγαῖς
1812 441 1852 480 ἂν
1873 442 1927 489 εἴη
1940 446 2002 480 τοῦ
2020 442 2195 491 Αἰσήπου.
2217 441 2264 483 Ὁ

1242 498 1283 547 δὴ
1303 499 1492 544 Ἑκαταῖος
1504 499 1599 551 λέγει
1619 517 1634 534 ιι
1646 500 1808 539 ἐπέκεινα
1827 503 1896 540 τῶν
1916 501 2070 540 ε’κὸολῶν
2090 503 2208 542 αὐτοῦ.
2220 519 2236 537 υ

1708 566 1782 604 204
1789 596 1797 605 .

1295 633 1348 668 St.
1378 634 1437 692 B..-
1449 630 1631 682 Δολίονες,
1661 632 1692 669 οἱ
1716 629 1780 678 τὴν
1808 629 1957 676 Κύζικον
1987 631 2180 680 οἰκοῦντες,
2207 628 2266 675 οὓς

1242 688 1387 733 Δολιέας
1404 693 1499 729 εἶπεν
1520 688 1599 730 Ἕκ.

1709 754 1797 793 205.

1296 823 1350 858 St.
1372 824 1412 858 B.
1433 818 1626 871 Σκυλάκη,
1646 817 1746 863 πόλις
1764 818 1844 872 περὶ
1863 817 2024 863 Κύζικον·
2044 817 2123 858 Ἑκ.
2139 817 2212 858 Ἀσ.

1713 884 1803 922 206.

1297 953 1351 989 St.
1372 954 1414 989 B.
1430 949 1595 998 Μύλισιν,
1609 948 1703 994 ἔθνος
1722 948 1895 1002 Φρυγίας·
1910 947 1990 988 Εκ.
2008 948 2080 988 Ἀσ.
2095 948 2267 1000 Populus

1243 1010 1406 1060 ignotus.
2051 1032 2069 1047 .

1723 1071 1812 1110 207.

1297 1142 1350 1177 St.
1368 1142 1409 1176 Β.
1427 1137 1614 1190 Ἀὅαρνος,
1631 1135 1729 1180 πόλις
1743 1136 1802 1175 καὶ
1821 1136 1923 1189 χώρα
1943 1135 2035 1189 ἄκρα
2052 1151 2115 1206 της
2130 1136 2269 1190 Παρια-

1243 1214 1315 1245 νης.
1328 1222 1381 1228 -
1393 1197 1474 1237 Ἕκ.
1489 1197 1550 1235 δ’ὁ
1570 1196 1775 1244 Μιλήσιος’
1760 1211 1795 1234 εν
1815 1195 1931 1239 Ἀσίας
1947 1195 2269 1250 περιηγήσειΛαμ-

1243 1255 1398 1310 ψάκου”
1375 1271 1485 1308 ακρην
1506 1249 1596 1295 εἶναί
1611 1270 1725 1308 φησιν.

1724 1319 1813 1358 208.

1297 1390 1351 1425 St.
1368 1389 1408 1424 Β.
1431 1384 1542 1436 Σίγη,
1559 1382 1660 1429 πόλις
1677 1383 1864 1438 Τρωάδος,
1878 1385 1924 1427 ὥς
1941 1382 2018 1423 Ἑκ.
2034 1383 2107 1423 Ἀσ.

1727 1449 1815 1487 209.

1296 1520 1351 1555 St.
1371 1519 1413 1554 Β.
1442 1516 1639 1568 Μυρικοῦς,
1663 1512 1763 1558 πόλις
1794 1512 2007 1566 καταντικρὺ
2031 1511 2182 1553 Τενέδου
2208 1514 2269 1552 καὶ

1243 1574 1403 1624 Λέσὸου,
1417 1576 1479 1622 τῆς
1498 1576 1532 1613 Τ
1535 1572 1638 1628 ροίας.
1661 1573 1862 1617 Ἑκαταῖος·
1886 1589 1902 1606 ιι
1916 1572 1950 1617 ἐς
1969 1571 2190 1626 Μυρικόεντα
2208 1575 2270 1620 τῆς

1243 1636 1446 1687 «Τρωικῆς.
1460 1653 1475 1668 »
1494 1637 1553 1671 De
1565 1633 1720 1671 Tenedo
1739 1634 1823 1684 ipsa
1843 1633 1891 1670 cf.
1917 1633 1962 1670 fr.
1987 1637 2072 1677 140.

1714 1697 1805 1736 210.

1296 1771 1351 1806 St.
1380 1772 1422 1806 B.
1453 1767 1684 1819 Λαμπωνεία,
1704 1766 1804 1810 πόλις
1821 1765 1999 1820 Τρωάδος·
2022 1765 2101 1805 Ἐκ.
2123 1764 2193 1804 Ἀσ.
2216 1765 2270 1804 Τὸ

1241 1833 1373 1872 ἐθνικὸν
1385 1833 1646 1885 Λαμπωνειεύς.
1662 1833 1870 1877 Ἑλλάνικος
1883 1832 1920 1872 δὲ
1931 1830 2147 1883 Λαμπώνιον
2159 1830 2268 1879 αὐτήν

1241 1909 1337 1948 φησι

1716 1957 1808 1994 211.

1295 2031 1350 2067 St.
1367 2033 1408 2068 B.
1430 2029 1568 2084 Γρύνοι,
1585 2028 1765 2082 πολίχνιον
1791 2028 2010 2082 Μυριναίων,
2029 2022 2068 2067 οῧ
2090 2026 2150 2066 καὶ
2174 2026 2266 2080 ἱερὸν

1242 2087 1456 2134 Ἀπόλλωνος
1470 2089 1530 2128 καὶ
1551 2094 1711 2140 μαντεῖον
1727 2090 1884 2141 ἀρχαῖον.
1905 2087 1985 2126 Ἑκ.
2009 2085 2044 2124 δὲ
2072 2084 2137 2133 τὴν
2165 2084 2267 2124 πόλιν

1242 2146 1409 2200 Γρύνειαν
1437 2150 1549 2187 καλεῖ.
1578 2148 1699 2187 Codd.
1722 2146 1932 2200 Κυρηναίων
1950 2147 2012 2184 vel
2038 2143 2267 2198 Μυρηναίων,

1241 2207 1345 2257 quod
1361 2208 1582 2245 emendavit
1597 2207 1763 2245 Vossius.

1239 2316 1338 2357 riam,
1359 2319 1392 2349 et
1406 2317 1570 2350 Alaziam:
1589 2326 1663 2358 quae
1677 2317 1704 2349 si
1719 2318 1796 2349 sunt
1807 2340 1816 2356 ‚
1846 2315 1960 2357 utique
1981 2315 2022 2347 ad
2037 2315 2142 2347 fontes
2157 2313 2267 2355 AEsepi

1240 2373 1312 2397 esse
1338 2365 1466 2398 dehent.
1501 2367 1672 2398 Hecataeus
1686 2373 1764 2396 vero
1779 2363 1873 2404 dicit,
1900 2375 1916 2391 «
1935 2362 2019 2394 ultra
2033 2362 2104 2403 ejus
2116 2361 2210 2393 ostia.
2226 2373 2243 2389 u

1281 2459 1445 2499 Doliones,
1461 2459 1517 2501 qui
1534 2459 1686 2500 Cyzicum
1702 2413 1861 2498 ffagiltant,
1877 2465 1960 2498 quos
1971 2455 2080 2490 Dolies
2093 2454 2176 2488 dixit
2183 2455 2262 2487 Hec.

1280 2559 1422 2600 Scylace,
1438 2557 1517 2591 urbs
1532 2560 1618 2591 circa
1631 2512 1804 2599 cyzigffis

1279 2653 1420 2695 Mylisin,
1437 2662 1514 2695 gens
1526 2653 1685 2695 Phrygiae.
1705 2606 1795 2639 2⁰6·

1280 2747 1428 2780 Abarnus
1441 2772 1451 2788 ‚
1469 2748 1547 2780 urbs
1559 2772 1568 2787 ‚
1585 2747 1672 2788 regio
1686 2771 1695 2787 ‚
1711 2701 1968 2788 {fflriontorium
1982 2742 2137 2776 Parianae.
2166 2743 2264 2775 Heca-

1238 2796 1319 2826 taeus
1344 2804 1420 2826 vcro
1436 2795 1580 2827 Milesius
1602 2794 1636 2826 in
1652 2794 1738 2826 Asiae
1765 2792 1980 2834 descriptione
2001 2792 2171 2830 Lampsaci
2193 2797 2264 2830 pro-

1238 2841 1434 2874 montorium
1453 2851 1524 2874 esse
1542 2841 1631 2873 dicit.

1279 2936 1367 2976 Sige,
1382 2936 1460 2968 urbs
1474 2935 1618 2967 Troadis.
1703 2889 1793 2921 208·

1276 3028 1430 3070 Myricus,
1445 3029 1524 3061 urbs
1539 3028 1674 3061 Troadis
1687 2983 1842 3068 ezggqone
1853 3024 2024 3064 Tenedi,et
2039 3023 2144 3057 Lesbi.
2160 3025 2262 3057 Hec.:

1238 3089 1254 3104 ιι
1269 3076 1317 3108 Ad
1334 3075 1547 3118 Myricuntem
1567 3075 1689 3107 Troicae
1706 3074 1843 3115 regionis
1855 3072 1980 3105 urbem.
1996 3084 2012 3099 u

1277 3173 1477 3211 Lamponea,
1506 3169 1585 3201 urbs
1600 3123 1867 3208 Troad?s¹,⁰'nec.
1897 3165 2023 3198 Gentile
2045 3167 2258 3206 Lamponeus‚

1235 3218 1420 3250 Hellanicus
1436 3225 1512 3250 vero
1525 3215 1741 3257 Lamponium
1756 3223 1827 3246 eam
1844 3215 1949 3245 vocat.

1276 3317 1388 3358 Gryni,
1402 3316 1591 3358 oppidulum
1599 3269 1841 3356 Myrinffeossum,
1856 3313 1911 3345 uhi
1924 3314 1956 3344 et
1969 3312 2122 3353 Apollinis
2150 3312 2260 3343 sanum

1235 3366 1267 3397 et
1279 3364 1446 3396 oraculum
1462 3363 1644 3404 antiquum
1668 3363 1744 3394 Hec.
1760 3369 1838 3393 veio
1853 3360 1966 3392 urbem
1979 3362 2139 3399 Gryneam
2155 3356 2258 3389 vocat.
