2320 3684
171 182 246 215 158

167 261 305 306 λέοντος
323 261 383 300 καὶ
407 258 581 313 πτέρυγας
604 256 748 310 ὄρνιθος.
768 255 960 297 4Μαθοῦσα
989 256 1026 296 δὲ
1045 256 1193 310 αἴνιγμα

167 318 265 373 παρὰ
286 320 461 367 Μουσῶν,
490 316 547 355 ἐπὶ
564 314 604 354 τὸ
629 313 776 355 Φίκειον
801 313 878 368 ὄρος
902 314 1105 365 ἐκαθέζετο,
1133 316 1193 355 καὶ

167 382 270 417 τοῦτο
280 377 461 432 προῦτεινε
474 373 657 422 Θηὸαίοις.
672 367 743 413 Ἠν
759 372 796 412 δὲ
808 373 850 412 τὸ
859 373 1026 426 αἴνιγμα·
1041 374 1075 414 τί
1084 376 1193 423 ἔστιν,

168 436 186 476 ὃ
205 437 288 488 μίαν
309 452 324 474 ε
326 452 389 489 χον
410 433 542 489 φωνὴν,
554 431 746 486 τετράπουν
759 432 818 472 καὶ
836 432 956 472 δίπουν
973 434 1033 472 καὶ
1049 434 1192 488 τρίπουν

167 496 318 548 γίνεται;
330 496 520 548 5Χρησμοῦ
533 492 569 531 δὲ
578 491 774 540 Θηὸαίοιςἱ
762 492 990 547 υπάρχοντος,
1002 497 1194 542 τηνικαῦτα

169 552 483 605 ἀπαλλαγήσεσθαι
516 554 580 598 τῆς
616 549 783 603 Σφιγγος,
800 551 939 599 ἡνίκα
922 568 962 591 αν
979 568 1020 591 το
1047 551 1195 604 αἴνιγμα

167 612 321 659 λύσωσι,
355 611 443 663 (καὶ)
474 610 649 655 συνιόντες
679 612 727 655 εἷς
753 611 838 651 αὐτὸ
866 611 1056 660 πολλάκις,
1081 612 1196 660 ἐζήτει

170 671 357 723 (ἐζήτουνΡ)
367 670 402 709 τί
414 670 454 709 τὸ
465 668 653 722 λεγόμενόν
666 671 772 710 ἐστιν.
784 671 886 711 Ἐπεὶ
903 670 940 710 δὲ
958 670 1008 723 μὴ
1023 669 1195 725 εὕρισκον,

169 730 360 784 ἁρπάσασα
380 728 460 779 ἕνα,
478 728 752 783 κατεὸίὸρωσκε.
771 731 788 756 ⁰
801 731 950 770 Πολλῶν
973 729 1010 768 δὲ
1033 731 1192 768 ἀπολλυ-

170 788 283 840 μένων
296 820 307 839 ,
338 788 398 828 καὶ
426 788 467 828 τὸ
493 790 691 828 τελευταῖον
722 787 874 842 Αἵμονος
909 793 970 828 τοῦ
1005 787 1196 843 Κρέοντος,

168 847 337 899 κηρύσσει
364 847 490 903 Κρέων
509 850 560 902 τῷ
579 847 619 887 τὸ
636 847 783 901 αἴνιγμα
810 847 953 888 λύσοντι
968 847 1028 886 καὶ
1050 847 1113 895 τὴν
1133 850 1198 900 βα-

169 907 302 947 σιλείαν
327 908 387 947 καὶ
406 907 470 956 τὴν
495 887 606 947 Λάιου
625 907 747 947 δώσειν
773 914 933 960 γυναῖκα.
956 907 1143 951 ΊΟἷδίπους
1161 907 1198 946 δὲ

170 966 323 1012 ἀκούσας
368 966 510 1016 ἔλυσεν,
549 965 655 1006 εἰπὼν
695 967 736 1006 τὸ
774 963 920 1019 αἴνιγμα
968 967 1008 1006 τὸ
1043 966 1110 1006 ὑπὸ
1137 969 1200 1014 τῆς

169 1026 324 1080 Σφιγγος
350 1025 560 1078 λεγόμενον,
589 1026 769 1100 ἄνθρωπον
796 1031 898 1065 εἰναι·
923 1029 1111 1078 γεννᾶσθαι
1131 1025 1198 1080 γὰρ

170 1086 361 1140 τετράπουν
385 1085 508 1140 βρέφος
535 1091 606 1130 τοῖς
630 1085 813 1141 τέτταρσιν
844 1084 1034 1139 ὀχούμενον
1062 1084 1198 1127 κώλοις·

170 1145 407 1197 τελειούμενον
438 1145 475 1184 δὲ
503 1145 562 1184 τὸν
587 1146 768 1200 ἄνθρωπον
797 1145 941 1184 δίπουν·
961 1146 1125 1198 γηρῶντα
1164 1143 1200 1182 δὲ

170 1204 293 1258 τρίτην
308 1204 594 1258 προσλαμὸάνειν
617 1204 718 1257 βάσιν
735 1204 776 1243 τὸ
794 1206 956 1258 βάκτρον.
974 1202 1003 1226 3
1007 1205 1038 1241 H
1057 1201 1120 1253 μὲν
1141 1205 1199 1240 οὖν

172 1262 285 1318 Σφὶγξ
306 1263 376 1302 ἀπὸ
394 1279 457 1310 της
473 1262 695 1317 ἀκροπόλεως
714 1262 840 1310 ἑαυτὴν
859 1264 1008 1316 ἔρριψεν·
1033 1260 1202 1304 Οιδίπους

171 1321 207 1361 δὲ
227 1323 287 1361 καὶ
307 1322 371 1371 τὴν
394 1322 573 1375 βασιλείαν
594 1322 774 1376 παρέλαὸε
799 1322 859 1360 καὶ
881 1320 945 1368 τὴν
967 1319 1104 1373 μητέρα
1120 1318 1203 1370 ἔγη-

172 1397 234 1432 μεν
254 1383 402 1433 ἀγνοῶν·
423 1381 484 1419 καὶ
504 1381 633 1424 παῖδας
658 1380 847 1420 ἐτέκνωσεν
878 1379 914 1424 ἐξ
943 1381 1052 1426 αὐτῆς
1080 1379 1202 1418 Πολυ-

169 1440 267 1488 νείκη
304 1440 365 1479 καὶ
392 1438 603 1488 Ἐτεοκλέα,
647 1439 838 1493 θυγατέρας
869 1437 906 1477 δὲ
938 1437 1106 1489 Ἰσμήνην
1142 1437 1202 1475 καὶ

171 1498 383 1551 Ἀντιγόνην.
405 1499 488 1538 Εἰσὶ
516 1499 552 1536 δὲ
561 1529 571 1547 ,
600 1497 637 1537 οἳ
661 1501 870 1550 γεννηθῆναι
896 1497 942 1536 τὰ
965 1496 1071 1536 τέκνα
1098 1495 1202 1551 φασὶν

171 1557 205 1603 ἐξ
224 1557 461 1612 Εὐρυγανείας
475 1560 538 1605 τῆς
553 1556 782 1612 Τεύθραντος.

222 1618 281 1670 (9)
301 1616 493 1657 Φανέντων
509 1615 545 1655 δὲ
564 1616 706 1671 ὕστερον
727 1618 797 1655 τῶν
814 1614 1070 1665 λανθανόντων,
1086 1615 1204 1655 Ἰοκά-

171 1692 237 1724 στη
261 1675 323 1728 μὲν
344 1675 379 1722 ἐξ
402 1675 556 1729 ἀγχόνης
582 1675 709 1723 ἑαυτὴν
739 1675 951 1730 ἀνήρτησεν·
979 1675 1147 1718 Οἰδίπους
1168 1674 1203 1714 δὲ

170 1734 232 1779 τὰς
251 1735 346 1790 ὄψεις
361 1735 547 1791 τυφλώσας
570 1737 610 1774 ἐκ
635 1735 769 1783 Θηὸῶν
797 1733 987 1782 ἠλαύνετο,
1021 1732 1108 1787 ἀρὰς
1132 1739 1205 1778 τοῖς

170 1794 273 1833 παισὶ
294 1794 457 1846 θέμενος,
485 1794 541 1844 οἳ,
570 1797 634 1842 τῆς
658 1793 792 1838 πόλεως
817 1793 920 1832 αὐτὸν
946 1792 1205 1844 ἐκὸαλλόμενον

172 1857 398 1907 θεωροῦντες,
426 1856 489 1893 οὒκ
524 1853 720 1905 ἐπήμυναν.
750 1851 1062 1907 2Παραγενόμενος
1089 1850 1125 1889 δὲ
1142 1850 1204 1890 σὺν

179 1912 358 1965 Ἀντιγόνῃ
383 1917 446 1960 τῆς
475 1914 634 1960 Ἀττικῆς
666 1914 711 1956 εἷς
739 1911 928 1960 Κολωνὸν,
958 1911 1039 1950 ἔνθα
1066 1911 1107 1950 τὸ
1135 1913 1204 1950 τῶν

174 1971 378 2023 Εὐμενίδων
403 1972 477 2010 ἐστὶ
495 1970 651 2023 τέμενος,
679 1970 810 2016 καθίζει
830 1970 960 2019 ἱκέτης,
980 1970 1207 2022 προσδεχθεὶς

176 2030 242 2069 Surb
263 2029 425 2077 Θησέως·
446 2030 506 2069 καὶ
527 2030 603 2083 μετ’
624 2031 663 2068 οὗ
680 2029 790 2068 πολὺν
810 2027 935 2083 χρόνον
955 2027 1139 2067 ἀπέθανεν.

527 2149 779 2181 ΚΕΦΑΛΑιοΝ
798 2147 852 2188 ς’.

228 2205 282 2259 (1)
300 2206 490 2254 Ἐτεοκλῆς
506 2205 543 2245 δὲ
561 2206 620 2245 καὶ
632 2205 849 2254 Πολυνείκης
859 2205 938 2259 περὶ
951 2208 1014 2253 τ’ἥς
1031 2205 1209 2259 βασιλείας

174 2265 394 2304 συντίθενται
425 2265 511 2319 πρὸς
539 2265 738 2314 ἀλληλους,
780 2265 842 2304 καὶ
874 2266 1017 2327 αὐτοῖςω
1023 2267 1117 2304 δοκεῖ
1145 2264 1204 2303 τὸν

178 2324 295 2378 ἕτερον
314 2325 399 2379 παρ’
420 2324 576 2363 ἐνιαυτὸν
601 2324 734 2379 ἄρχειν.
756 2324 876 2368 2Τινὲς
899 2318 1017 2375 μὲν
977 2328 1035 2362 οὖν
1054 2322 1208 2376 λέγουσι,

178 2386 317 2438 πρῶτον
338 2383 504 2437 ἄρξαντος
522 2384 775 2431 Πολυνείκους,
803 2384 1022 2436 παραδοῦναι
1042 2383 1119 2435 μετ’
1136 2384 1209 2421 ἐνι-

176 2443 279 2482 αυτὸν
312 2442 376 2490 τὴν
415 2442 595 2495 βασιλείαν
627 2443 826 2482 Ἐτεοκλεῖ·
855 2441 945 2486 τινὲς
978 2443 1037 2490 δὲ,
1067 2444 1206 2496 πρῶτον

177 2500 402 2545 Ἐτεοκλέους
417 2501 602 2555 ἄρξαντος,
622 2501 670 2552 μὴ
693 2500 794 2562 βούλε
780 2503 877 2539 εσθαι
905 2501 1123 2554 παραδουναι
1145 2499 1208 2548 τὴν

178 2560 370 2614 βασιλείαν.
390 2555 659 2612 3Φυγαδευθεις
683 2563 741 2598 οὖν
761 2558 978 2606 Πολυνείκης
1008 2560 1047 2597 ἐκ
1075 2559 1208 2605 Θηὸῶν

175 2625 258 2668 ἡκεν
279 2621 325 2663 εἷς
343 2618 486 2674 Ἄργος,
506 2618 564 2658 τόν
580 2635 618 2657 τε
639 2617 746 2672 ὅρμον
764 2618 825 2656 καὶ
849 2618 907 2656 τὸν
935 2634 978 2656 πε
970 2617 1068 2656 ’πλον
1103 2633 1119 2654 ε
1123 2633 1208 2670 χων

175 2682 190 2706 ⁴
195 2678 404 2718 Ἔὸασίλευε
421 2677 458 2716 δὲ
476 2677 620 2732 Ἄργους
638 2675 828 2731 Ἄδραστος
844 2679 862 2715 ὁ
878 2678 1022 2716 Ταλαοῦ
1033 2692 1041 2700 ·
1059 2676 1121 2714 και
1138 2682 1210 2720 τοῖς

178 2737 303 2777 τούτου
329 2737 518 2790 βασιλείοις
539 2736 676 2790 νύκτωρ
692 2735 948 2791 προσπελάζει,
966 2735 1026 2774 καὶ
1043 2735 1211 2773 συνάπτει

179 2797 300 2849 μάχην
317 2797 425 2836 Τυδεῖ
444 2799 495 2850 τῷ
516 2795 650 2840 Οἰνέως
667 2794 828 2850 φεύγοντι
845 2794 1056 2833 Καλυδῶνα.
1075 2795 1210 2832 51*st-

179 2855 287 2907 μένης
302 2855 338 2894 δὲ
353 2855 516 2909 ἐξαίφνης
535 2857 630 2907 βοῆς,
650 2854 830 2908 ἐπιφανεὶς
846 2852 1036 2906 Ἄδραστος
1052 2851 1209 2890 διέλυσεν

181 2914 315 2958 αυτούς·
330 2914 390 2953 καὶ
405 2912 562 2965 μάντεώς
578 2929 669 2958 τινος
682 2912 916 2964 ὑπομνησθεὶς
925 2910 1086 2964 λέγοντος
1100 2913 1210 2964 αὐτῷ,

180 2973 308 3027 κάπρῳ
328 2989 389 3012 και
414 2973 529 3012 λέοντι
553 2972 713 3019 συζευξαι
730 2972 793 3016 τὰς
819 2973 1027 3026 θυγατέρας,
1052 2969 1211 3024 ἀμφοτέ-

183 3047 261 3085 ρους
278 3030 390 3071 εἵλετο
416 3032 602 3086 νυμφίους·
633 3035 728 3085 εἰχον
746 3030 814 3085 γὰρ
840 3030 898 3069 ἐπι
920 3031 989 3069 τῶν
1014 3028 1171 3068 ἀσπίδων
1193 3031 1212 3067 ὃ

186 3089 248 3141 μὲν
272 3091 408 3145 κάπρου
424 3091 652 3145 προτομὴν,ὁ
677 3090 713 3129 δὲ
739 3090 886 3134 λέοντος.
906 3090 1045 3140 8Γαμεῖ
1067 3087 1104 3126 δε
1120 3090 1211 3135 Δηϊ-

183 3147 296 3195 πύλην
327 3148 389 3199 μὲν
422 3149 577 3199 Τυδευς,
620 3149 775 3204 Ἀργείην
813 3150 850 3187 δε
883 3147 1119 3194 Πολυνείκης·
1152 3145 1211 3184 καὶ

186 3205 309 3250 αὐτους
331 3206 522 3260 Ἄδραστος
547 3208 767 3261 ἀμφοτέρους
793 3209 841 3251 εἷς
857 3206 917 3250 τὰς
935 3205 1136 3260 πατρίδας
1123 3203 1212 3243 υπέ-

185 3280 248 3316 σχε
235 3280 290 3302 το
308 3265 418 3309 κατάς
421 3281 481 3304 ειν.
510 3267 526 3292 7
540 3266 611 3305 Καὶ
644 3269 783 3319 πρῶτον
821 3265 879 3304 ἐπὶ
912 3265 1036 3312 Θήὸας
1069 3263 1213 3302 ἔσπευδε

186 3322 447 3375 στρατεύεσθαι,
467 3339 526 3362 και
543 3324 622 3368 τοὺς
642 3324 803 3378 ἀριστέας
832 3326 1075 3398 συνηθροιζεν.

240 3381 293 3433 (2)
282 3381 527 3435 )Ἀμφῑᾶραος
553 3382 589 3420 ’δὲ
620 3386 638 3422 ὁ
670 3384 868 3432 Ὀϊκλέους,
903 3383 1026 3434 μάντις
1053 3381 1116 3431 ὢν,
1153 3396 1213 3420 και
1240 3387 1246 3431 Ι
1314 3388 1359 3430 (2)
1381 3386 1595 3429 Amphiaraus
1623 3387 1733 3417 autem
1748 3382 1847 3416 Oiclis
1862 3381 1947 3414 filius
1960 3379 2158 3415 vaticinandi
2174 3375 2292 3421 perith-

790 172 1165 212 ΑΠΟΛΛΟΔΩΡΟΥ
1192 172 1539 213 ΒῙΒΛῙΟΘΗΚΗΣ
1566 175 1607 222 Γ,
1620 176 1669 216 ς’.

1253 278 1317 312 que
1328 271 1409 303 avis.
1430 273 1530 310 *Quae
1540 280 1643 313 quum
1658 280 1677 304 a
1686 272 1789 304 Musis
1801 271 1938 312 aenigma
1944 271 2160 314 didicissemn
2168 275 2279 309 Phicio

1251 334 1362 364 monte
1373 333 1521 365 consedit
1536 335 1633 374 atque
1648 333 1735 366 istud
1749 333 1947 375 proponebat
1954 334 2125 368 Thebanis.
2136 336 2212 369 Fuit
2225 345 2281 370 au-

1251 391 1318 423 tem
1327 391 1463 432 aenigma
1476 392 1575 425 hocce
1590 393 1768 431 :Quidnam
1777 396 1863 425 esset
1872 393 1950 426 illud
1961 394 2050 435 quod
2059 403 2158 428 unam
2168 404 2282 429 vocem

1253 449 1392 490 hahens,
1411 452 1564 492 quattuor
1584 453 1617 485 et
1639 452 1767 485 duobus
1782 455 1814 485 et
1836 452 1939 486 tribus
1955 453 2091 495 pedibus
2105 455 2279 490 incederet.

1253 510 1355 541 1⁵Jam
1369 518 1447 542 vero
1470 519 1572 551 quum
1588 511 1749 543 Thebanis
1776 513 1906 545 oraculo
1935 515 2156 548 renuntiatum
2183 519 2280 558 esset,

1253 569 1332 600 tunc
1345 577 1379 601 se
1397 578 1415 601 a
1431 570 1572 612 Sphinge
1586 571 1755 603 liberatum
1772 571 1823 611 iri,
1839 581 1941 613 quum
1962 574 2101 615 aenigma
2115 575 2281 618 solverint,

1255 628 1394 662 subinde
1432 630 1466 662 in
1498 632 1640 662 montem
1682 631 1774 663 illum
1816 631 2045 665 convenientes
2074 633 2263 678 quoerebant
2273 657 2283 674 ,

1255 686 1411 734 quidnam
1429 687 1553 721 dictum
1568 689 1649 722 illud
1666 690 1869 731 significaret.
1885 691 1981 729 Quod
1996 701 2100 733 quum
2115 701 2182 725 non
2195 701 2280 735 repe·

1256 747 1369 789 rii-ent,
1388 757 1490 781 unum
1507 757 1634 791 semper
1649 749 1772 791 Sphinx
1786 750 1928 792 abripuit
1943 751 2179 794 abreptumque
2189 752 2284 786 devo

1256 807 1352 838 ravit.
1372 807 1502 840 eMultis
1518 808 1607 840 hunc
1626 808 1660 840 in
1682 809 1816 842 modum
1838 811 2015 844 interfectis
2027 836 2037 853 ‚
2062 812 2146 846 inter
2165 797 2286 855 cosqiie

1256 867 1419 906 postremo
1432 868 1598 908 Haemone,
1614 868 1764 901 Creontis
1780 868 1859 909 filio,
1873 871 1977 902 creon
1987 871 2126 912 aenigma
2135 868 2285 906 soluturo

1257 927 1289 957 et
1303 934 1439 966 regnum
1455 927 1489 958 et
1503 927 1581 974 *Laii
1602 937 1735 960 uxorem
1757 937 1792 961 se
1813 921 2009 962 traditurum
2025 931 2185 971 praeconis
2205 940 2288 965 voce

1254 983 1347 1024 jubet
1361 985 1532 1018 enuntiari.
1550 989 1563 1008 ⁷
1576 986 1672 1024 Quod
1697 986 1753 1019 ubi
1769 987 1809 1019 ad
1825 987 1938 1029 OEdipi
1960 997 2054 1020 aures
2075 989 2287 1030 pervenerat,

1257 1042 1394 1084 aenigma
1407 1044 1515 1076 solvit.
1530 1045 1659 1077 Etenim
1674 1046 1763 1087 quod
1778 1055 1798 1078 a
1812 1046 1951 1088 Sphinge
1965 1047 2169 1088 propositum
2183 1039 2285 1089 esset,
2310 1040 2320 1048 ¹

1258 1102 1422 1136 hominem
1445 1103 1624 1144 significare
1639 1105 1701 1145 ait;
1717 1105 1808 1138 nasci
1823 1106 1910 1138 enim
1925 1106 2168 1148 quadrupedem
2185 1107 2304 1154 infan-v

1258 1164 1325 1194 tem
1339 1187 1349 1203 ,
1365 1163 1422 1204 qui
1438 1164 1591 1203 quattuor
1612 1164 1832 1204 ingrederetur
1852 1165 2026 1206 membris,
2047 1166 2195 1199 adultum
2211 1176 2289 1200 vero

1260 1230 1331 1254 esse
1346 1222 1508 1263 bipedem,
1526 1226 1746 1256 senescentem
1769 1224 1908 1265 denique
1920 1225 2055 1258 tertium
2071 1226 2186 1268 pedem
2199 1236 2289 1260 assu-

1261 1290 1350 1314 mere
1367 1281 1533 1314 baculum.
1548 1283 1689 1324 ”Sphinx
1705 1283 1804 1324 igitur
1818 1283 1871 1324 (ex
1887 1284 1972 1325 arce)
1987 1293 2022 1317 se
2035 1285 2234 1328 praecipitem
2241 1286 2292 1319 de-

1261 1341 1330 1380 dit,
1351 1340 1492 1382 OEdipus
1517 1343 1627 1373 autem
1645 1350 1781 1382 regnum
1801 1342 1926 1383 accepit
1945 1344 1978 1374 et
1998 1345 2136 1376 matrem
2158 1343 2291 1384 ignarus

1261 1401 1356 1434 duxit
1370 1410 1527 1442 uxorem;
1545 1410 1586 1434 ex
1606 1410 1708 1442 eaque
1729 1401 1813 1434 filios
1824 1402 1934 1442 genuit
1951 1395 2139 1444 Polynicem
2152 1403 2185 1436 et
2199 1404 2294 1436 Eteo-

1261 1460 1357 1500 clem,
1372 1460 1455 1493 filias
1469 1462 1620 1493 Ismenen
1639 1462 1671 1492 et
1686 1460 1879 1502 Antigonen.
1899 1462 1982 1494 sunt
1995 1462 2106 1494 tamen
2121 1461 2179 1502 qui
2193 1461 2294 1499 liosce

1248 1518 1382 1552 'liberos
1396 1528 1437 1552 ex
1449 1519 1634 1561 Eurygania
1652 1520 1859 1553 Teuthrantis
1872 1519 1938 1553 fflia
1953 1521 2048 1554 natos
2063 1529 2136 1554 esse
2147 1521 2291 1555 tradant.

1306 1629 1352 1670 (9)
1389 1629 1507 1661 Postea
1520 1636 1599 1661 vero
1613 1628 1671 1661 ubi
1684 1637 1759 1670 quae
1773 1628 1934 1662 latuerant
1953 1629 1987 1662 in
2004 1629 2110 1663 lucem
2133 1629 2293 1672 prodiere,

1262 1699 1390 1730 Iocasta
1403 1696 1581 1738 suspendio
1595 1704 1629 1728 se
1643 1695 1783 1734 necavit,
1798 1694 1941 1737 OEdipus
1953 1696 2075 1735 autem,
2087 1694 2216 1728 effossis
2232 1694 2296 1728 sibi
2318 1698 2320 1710 ²

1263 1764 1379 1804 oculis,
1395 1763 1514 1796 Thebis
1535 1763 1656 1803 ejectus
1669 1764 1732 1802 est,
1747 1761 1832 1793 filios
1852 1760 2029 1800 devovens,
2045 1760 2134 1802 quod
2151 1768 2192 1792 ex
2213 1759 2296 1793 urbe
2306 1798 2312 1806 V

1264 1830 1381 1872 expelli
1396 1832 1562 1872 parentem
1577 1829 1760 1870 spectantes
1783 1836 1857 1860 eum
1876 1827 1918 1859 ab
1930 1827 2049 1869 injuria
2066 1836 2133 1860 non
2146 1811 2320 1871 defende-'3

1264 1900 1347 1932 rent.
1365 1901 1380 1920 ³
1393 1898 1539 1940 Profugit
1555 1897 1652 1939 igitur
1670 1905 1746 1929 cum
1765 1896 1922 1937 Antigone
1935 1896 1968 1928 in
1985 1895 2144 1929 Colonum
2160 1887 2320 1942 Atticaeff}

1265 1966 1321 1998 ubi
1334 1967 1367 1998 in
1382 1964 1601 1998 Eumenidum
1611 1963 1685 1995 luco
1695 1961 1832 2003 supplex
1844 1961 2003 2002 consedit,
2018 1963 2051 1994 et
2065 1970 2085 1994 a
2099 1961 2226 1995 Theseo
2239 1970 2292 1995 ex·
2303 1955 2320 1993 2⁷

1265 2032 1378 2073 ceptus
1396 2038 1462 2062 non
1478 2029 1523 2061 ita
1537 2027 1642 2061 multo
1657 2028 1732 2069 post
1748 2036 1766 2059 e
1781 2027 1849 2059 vita
1864 2027 2026 2069 migravit.
2307 2011 2315 2022 ⁵

1674 2140 1811 2172 CAPUT
1833 2139 1890 2171 VI.

1310 2208 1354 2249 (ι)
1378 2205 1528 2240 Eteocles
1564 2213 1642 2238 vero
1665 2206 1699 2236 et
1725 2202 1894 2243 Polynices
1910 2194 1959 2235 de‘
1971 2211 2071 2243 regno
2095 2201 2234 2244 gerendo
2250 2201 2307 2242 in·-r

1266 2269 1316 2300 ter
1337 2275 1372 2299 se
1387 2265 1598 2308 paciscuntur
1626 2266 1659 2296 et
1682 2263 1787 2304 placet
1815 2262 1874 2302 iis,
1894 2264 1931 2294 ut
1958 2262 2086 2296 vicibus
2100 2271 2158 2305 per
2175 2269 2301 2296 annun

1267 2336 1402 2369 regnum
1414 2324 1650 2359 administrent.
1662 2321 1837 2356 2ΝοιιιιιιΠί
1852 2321 1950 2363 igitur
1965 2321 2148 2363 Polynicem
2157 2321 2320 2369 primum

1268 2396 1418 2429 regnasse
1439 2386 1573 2425 dicunt,
1595 2383 1711 2416 deinde
1731 2383 1806 2424 post
1828 2390 1950 2414 annum
1972 2389 2108 2422 regnum
2127 2375 2320 2422 tradidissQ'

1267 2447 1402 2480 Eteocli.
1429 2445 1492 2478 Alii
1513 2443 1677 2477 Eteoclem
1697 2442 1840 2484 primum
1861 2443 2050 2482 regnantem
2067 2449 2143 2472 non·
2154 2438 2310 2479 voluisstj'

1268 2505 1358 2546 ajunt
1378 2503 1468 2536 fratri
1482 2510 1617 2544 regnum
1634 2500 1771 2532 tradere.
1791 2498 1982 2540 ³Polynices
1997 2497 2106 2539 itaque
2118 2495 2239 2529 Thebis
2253 2494 2303 2546 ‘Q

1269 2565 1381 2603 gatus,
1400 2560 1522 2593 monile
1543 2561 1575 2591 et
1595 2557 1727 2599 peplum
1749 2565 1859 2588 secum
1873 2556 2048 2597 exportans
2069 2554 2159 2587 venit
2183 2551 2303 2594 Argo&

1268 2622 1354 2652 ⁴Rex
1371 2618 1415 2650 ibi
1425 2620 1494 2650 erat
1509 2617 1678 2656 Adrastus,
1693 2614 1782 2647 Talai
1793 2613 1889 2646 filius.
1905 2612 1955 2646 Ad
1968 2612 2188 2653 cuiusregiam
2200 2594 2306 2655 nocff

1269 2677 1424 2710 accedens
1439 2675 1609 2717 Polynices
1626 2683 1702 2706 cum
1714 2673 1837 2714 Tydeo,
1856 2671 1956 2704 OEnei
1973 2671 2062 2710 filio,
2079 2670 2137 2711 qui
2150 2670 2223 2702 tum
2238 2669 2302 2720 oq

1268 2737 1386 2778 lydone
1407 2738 1509 2776 Argos
1533 2732 1756 2774 confugiebat,
1779 2739 1912 2763 manum
1936 2729 2087 2762 conserit.
2103 2729 2205 2762 ιὈηο
2221 2726 2308 2773 ναῷ,

1270 2795 1378 2828 subito
1392 2794 1543 2832 clamore,
1560 2791 1747 2834 supervenit
1764 2789 1944 2828 Adrastus,
1967 2795 2144 2828 eorumque
2158 2780 2302 2846 pugn-Q

1269 2854 1408 2887 diremit.
1422 2853 1513 2885 Idem
1531 2851 1618 2884 vatis
1647 2849 1834 2883 recordatus
1854 2851 1890 2880 nt
1914 2855 1992 2889 apro
2008 2848 2042 2879 et
2065 2844 2151 2878 leoni
2167 2845 2276 2881 filias

1269 2912 1454 2953 conjugium
1479 2911 1570 2943 daret
1600 2909 1755 2951 jubentis,
1784 2907 1898 2940 ambos
1929 2906 1992 2938 illis
2006 2914 2143 2947 sponsos
2153 2904 2221 2937 des

1269 2973 1328 3004 vit.
1347 2973 1428 3003 Nam
1444 2970 1478 3002 in
1494 2969 1615 3010 clypeis
1628 2968 1709 3000 alter
1725 2966 1806 3008 apri,
1828 2965 1934 2998 leonis
1953 2965 2033 2997 alter
2049 2963 2187 3006 effigiem
2200 2955 2302 3009 ges}-

1269 3029 1359 3061 bant.
1372 3027 1550 3068 ⁶Deipylen
1565 3026 1674 3066 itaque
1686 3024 1826 3065 Tydeus,
1838 3023 1967 3063 Argiam
1981 3021 2149 3062 Polynices
2163 3029 2208 3052 ux
2278 3059 2279 3062 Ἴ

1270 3087 1384 3126 duxit3
1406 3088 1503 3126 atque
1527 3084 1685 3116 Adrastus
1709 3083 1882 3121 utrumque
1910 3080 1944 3112 in
1976 3079 2115 3121 patriam
2145 3024 2300 3126 suigil}

1270 3146 1479 3179 reducturum
1490 3142 1651 3185 pollicitus
1660 3144 1720 3173 est.
1734 3142 1792 3172 ⁷Et
1801 3139 1941 3180 primum
1954 3138 2087 3179 quidem
2099 3131 2294 3183 contram

1270 3206 1329 3238 bas
1341 3203 1467 3246 paravit
1479 3201 1731 3243 expeditionem,
1745 3199 1787 3231 ad
1799 3207 1897 3240 quam
1912 3196 2200 3239 praestantissimos
2211 3186 2302 3242 ἤιε

1270 3263 1474 3298 convocavit.
1502 3269 1504 3271 ·
2281 3263 2284 3267 ’

2301 3422 2320 3519 ῐῑῑ
