2320 3684
177 197 250 232 138

787 182 1167 222 ΑΠΟΛΛΟΔΩΡΟΥ
1195 183 1542 224 ΒΙΒΛΙΟΘΗΚΗΣ
1570 188 1615 237 Β,
1650 186 1687 224 ε’.

174 276 389 316 ἀπέκτεινεν.
409 274 425 300 7
442 271 634 327 Εὐρυσθεὺς
642 270 678 309 δὲ
696 268 775 309 Οὐδὲ
783 274 904 309 τοῦτον
925 270 960 308 ἕν
979 275 1051 314 τοῖς
1068 269 1203 310 δώδεκα
1262 284 1333 316 mit.
1347 285 1430 318 ⁷Sed
1448 286 1650 327 Eurystheus
1665 294 1767 327 neque
1780 287 1867 318 hunc
1881 286 1964 319 inter
1978 286 2146 320 duodecim
2160 289 2292 323 admisit

173 334 405 390 προσεδέξατο
428 327 547 378 ἆθλον,
564 330 689 382 λέγων,
714 329 772 367 ἐπὶ
795 331 910 382 μισθῷ
926 328 1163 383 πεπραχέναι.

228 406 278 456 (6)
299 403 433 443 εἘκτον
455 399 618 444 ἐπέταξεν
638 393 742 437 ἆθλον
761 400 856 453 αὐτῳ
873 397 934 443 τὰς
953 399 1204 453 Στυμφαλίδας

173 463 310 518 ὄρνιθας
346 459 519 504 ἐκδιωξαι.
553 461 619 498 Ἦν
651 456 688 496 δὲ
717 459 752 496 ἐν
776 439 981 512 Στυμφάλῳ
1011 457 1111 497 πόλει
1140 475 1203 506 της

174 521 360 576 Ἀρκαδίας
380 517 588 572 Στυμφαλις
605 516 778 569 λεγομένη
798 516 906 568 λίμνη
919 548 929 567 ,
951 518 1065 570 πολλῇ
1092 533 1200 566 συνη-

174 580 277 635 ρεφὴς
302 579 379 631 ὕλῃ.
415 579 478 622 Εἷς
506 575 638 624 ταύτην
673 576 784 629 ὄρνεις
814 575 1003 630 συνέφυγον
1035 576 1202 624 ἄπλετοι,

171 639 263 686 τὴν
245 638 314 676 απὸ
329 640 399 676 τῶν
410 631 526 675 λύκων
545 634 708 689 ἁρπαγὴν
727 636 925 674 δεδοικυῖαι.
942 635 980 660 ²³
976 639 1203 688 Αμηχανοῦν-

171 713 228 740 τος
248 701 306 735 οὖν
323 694 553 750 Ἡρακλέους,
573 697 647 738 πῶς
667 695 706 733 ἐκ
725 697 788 741 τῆς
808 693 894 742 ὕλης
910 693 976 738 τὰς
990 694 1156 748 ὄρνιθας’
1140 710 1201 733 εκ-

172 756 290 809 ὅάλῃ,
315 755 453 809 χάλκεα
479 753 637 807 κρόταλα
665 753 805 792 δίδωσιν
832 755 928 807 αὐτῷ
955 753 1082 800 Ἀθηνᾶ
1106 753 1203 806 παρὰ

170 811 367 869 Ἡφαίστου
392 813 564 853 λαόοῦσα.
589 814 741 852 3Ταῦτα
758 812 891 867 κρούων
909 813 969 851 ἐπί
992 828 1083 856 τινος
1105 812 1203 866 ὄρους

170 877 214 926 τῇ
233 873 341 927 λίμνῃ
362 871 626 927 παρακειμένου
648 871 710 917 τὰς
729 871 865 926 ὄρνιθας
883 871 1018 924 ἐφόὸει·
1037 874 1072 910 αἱ
1090 871 1126 910 δὲ
1143 872 1201 911 τὸν

171 932 298 971 δοῦπον
320 934 386 984 οὐχ
404 931 657 983 ὑπομένουσαι,
683 930 773 983 μετὰ
791 929 887 975 δέους
903 930 1114 980 ἀνίπταντο,
1142 931 1202 970 καὶ

171 994 291 1030 τοῦτον
308 991 366 1030 τὸν
385 990 514 1046 τρόπον
535 990 719 1044 (Ηρακλῆς
735 989 910 1035 ἐτόξευσεν
932 990 1050 1034 αὐτάς.

226 1061 279 1112 (7)
297 1059 481 1112 “Ἐ6δομον
516 1058 680 1104 ἐπέταξεν
697 1054 800 1099 ἆθλον
823 1059 881 1098 τὸν
902 1061 1027 1113 Κρῆτα
1058 1060 1201 1111 ἀγαγεῖν

171 1122 313 1172 ταῦρον.
332 1122 467 1159 Τοῦτον
489 1118 712 1163 Ἀκουσίλαος
732 1117 795 1170 μὲν
826 1114 915 1156 εἶ’ναί
938 1133 1023 1171 φησι
1046 1117 1106 1155 τὸν
1128 1118 1204 1156 δια-

170 1176 440 1231 πορθμεύσαντα
454 1177 629 1230 Εὐρώπην
643 1176 712 1216 Διί.
722 1175 847 1220 2Τινὲς
867 1175 903 1214 δὲ
917 1175 975 1214 τὸν
990 1175 1058 1214 ὑπὸ
1071 1177 1204 1214 Ποσει-

171 1237 278 1280 δῶνος
299 1235 512 1274 ἀναδοθέντα
532 1238 572 1274 ἐκ
593 1235 790 1284 θαλάσσης,
810 1234 868 1273 ὅτε
890 1233 1100 1273 καταθύσειν
1123 1235 1202 1273 Πο-

170 1297 307 1335 σειδῶνι
323 1297 445 1340 Μίνως
464 1289 541 1334 εἷπε
566 1295 606 1334 τὸ
625 1294 733 1350 φανὲν
759 1297 798 1333 ἐκ
822 1298 884 1342 τῆς
903 1293 1095 1341 θαλάσσης.
1125 1293 1202 1332 Καί

171 1370 277 1408 φασι,
296 1354 512 1406 θεασάμενον
533 1353 635 1392 αὐτὸν
658 1358 719 1392 τοῦ
740 1352 867 1408 ταύρου
891 1351 931 1391 τὸ
950 1352 1078 1395 κάλλος
1089 1356 1204 1401 ,τοῦ-

169 1430 228 1452 τον
255 1413 318 1466 μὲν
340 1416 386 1458 εἷς
406 1413 448 1452 τὰ
478 1413 643 1476 βουκόλια
663 1413 894 1467 ἀποπέμψαι,
912 1415 1015 1450 θυσαι
1040 1410 1076 1450 δὲ
1096 1411 1202 1450 ἄλλον

173 1474 391 1512 Ποσειδωνι·
410 1473 464 1527 εφ’
483 1477 533 1517 οῑς
546 1472 750 1526 ὀργισθέντα
769 1471 828 1511 τὸν
845 1472 920 1511 θεὸν
945 1474 1120 1526 ἀγριωσαι
1138 1471 1197 1510 τὸν

168 1535 308 1585 ταῦρον.
324 1531 363 1556 3'
368 1533 440 1571 Επὶ
450 1547 572 1570 τουτον
586 1530 888 1593 παραγενόμενος
879 1531 1078 1585 εἷςΚρήτην
1096 1530 1205 1585 Ἥρα-

169 1592 256 1637 κλης
269 1621 280 1640 ,
308 1589 429 1638 επειδὴ
447 1591 569 1630 λαὸεῖν
589 1590 699 1639 ἠξίου,
720 1590 841 1636 Μίνως
855 1594 950 1629 εἶπεν
967 1592 1063 1644 αὐτῷ
1073 1590 1202 1641 ,λαμ-

171 1649 288 1688 ὅάνειν
326 1649 628 1704 διαγωνισαμένῳ.
662 1649 736 1689 Και
764 1649 884 1688 λαὸὼν
908 1649 994 1703 πρὸς
1019 1621 1202 1704 Εὐρυσθέα

170 1708 377 1760 διακομίσας
397 1708 525 1758 ἔδειξε,
543 1709 604 1748 καὶ
617 1709 656 1748 τὸ
675 1708 796 1748 λοιπὸν
818 1707 933 1747 εἴασεν
951 1708 1083 1747 ἄνετον·
1101 1709 1118 1734 4
1131 1711 1149 1747 ὁ
1166 1706 1202 1747 δὲ

169 1767 358 1815 πλανηθεὶς
389 1769 560 1822 Σπάρτην
582 1785 620 1807 τε
650 1768 710 1806 καὶ
734 1768 926 1820 Ἀρκαδίαν
963 1767 1118 1817 ἅπασαν,
1141 1766 1201 1806 καὶ

170 1826 294 1870 διαὸὰς
316 1826 375 1864 τὸν
397 1827 537 1878 Ἰσθμὸν
562 1829 610 1871 εἷς
633 1829 838 1880 Μαραθῶνα
856 1830 918 1874 τ’ῆς
940 1827 1098 1874 Ἀττικῆς
1117 1829 1202 1880 ἀφι-

169 1883 336 1935 κόμενος,
355 1884 434 1928 τους
451 1885 641 1939 ἐγχωρίους
661 1885 913 1936 διελυμαίνετο.

223 1955 277 2007 (8)
300 1954 452 2007 Ὄγδοον
479 1950 582 1995 ἆθλον
608 1955 770 2001 ἐπέταξεν
798 1957 894 2010 αὐτῷ
911 1954 991 2016 τὰς-Ν
1006 1954 1203 2006 Διομήδους

170 2029 231 2052 του
248 2013 388 2067 Θρακὸς
398 2013 526 2060 ἵππους
543 2017 590 2059 εἷς
606 2015 777 2063 Μυκήνας
790 1995 958 2066 κομίζειν.
976 2017 1041 2053 Ἠν
1057 2015 1093 2052 δὲ
1105 2019 1203 2059 οὗτος

169 2071 287 2125 Ἄρεος
306 2073 368 2112 καὶ
385 2074 570 2127 Κυρήνης,
591 2074 753 2127 βασιλευς
770 2074 945 2114 Βιστόνων
967 2073 1082 2118 ἔθνους
1097 2075 1201 2127 Θρα·

169 2131 246 2170 κίου
265 2132 324 2171 καὶ
349 2133 625 2185 μαχιμωτάτου·
653 2127 727 2187 εἶχε
752 2134 788 2173 δὲ
813 2132 1109 2188 ἀνθρωποφάγους
1138 2131 1203 2171 ἵπ-

169 2205 266 2234 πους.
285 2191 302 2215 2
316 2191 481 2236 Πλεύσας
500 2196 558 2231 οὖν
569 2191 658 2244 μετὰ
669 2210 737 2232 των
759 2192 924 2237 ἑκουσίως
943 2191 1201 2243 συνεπομένων,

171 2249 384 2301 βιασάμενος
404 2251 483 2295 τους
503 2252 561 2290 επὶ
578 2258 653 2296 ταῖς
672 2251 819 2306 φάτναις
846 2268 915 2290 των
944 2251 1063 2290 ι’ππων
1084 2250 1201 2305 ὑπάρ-

168 2310 454 2362 χοντας,ἤγαγεν
472 2311 529 2350 ἐπὶ
549 2310 612 2359 τὴν
629 2311 820 2350 θάλασσαν.
836 2312 852 2338 3
867 2314 949 2351 Τῶν
969 2310 1005 2349 δὲ
1025 2310 1201 2350 Βιστόνων

174 2366 237 2406 συν
256 2366 377 2412 ὅπλοις
400 2370 694 2419 ἐπιὸοηθούντων,
718 2370 781 2415 τὰς
804 2370 847 2422 μὲ
850 2387 867 2409 ν
888 2369 1016 2413 ἵππους
1036 2369 1201 2424 παρέδω-

170 2440 230 2463 κεν
252 2425 410 2481 Ἀὸδήρῳ
447 2428 657 2482 φυλάσσειν·
685 2433 784 2473 οὗτος
817 2429 853 2467 δὲ
882 2433 925 2476 ἠν
947 2428 1084 2482 Ἑρμοῦ
1106 2434 1200 2500 παῖς,

170 2484 306 2538 Λοκρος
335 2486 371 2532 εξ
402 2487 613 2537 Ὀπουντος,
633 2487 848 2542 Ἡρακλέους
882 2487 1072 2541 ἐρώμενος,
1104 2486 1140 2525 ὃν
1165 2489 1200 2525 αἱ

168 2542 273 2583 ἵπποι
293 2545 487 2601 διέφθειραν
508 2548 804 2599 ἐπισπασάμεναι.
830 2551 847 2575 4
861 2547 955 2600 Πρὸς
980 2546 1016 2585 δὲ
1035 2545 1113 2591 τους
1137 2546 1202 2586 Βί-

173 2618 300 2648 στονας
325 2605 640 2658 διαγωνισάμενος,
665 2607 726 2645 καὶ
756 2606 936 2658 Διομήδην
973 2604 1200 2654 ἀποκτείνας,

169 2663 248 2707 τοὺς
279 2664 422 2710 λοιποὺς
454 2665 630 2719 ἠνάγκαζε
652 2666 805 2720 φεύγειν,
842 2665 900 2704 καὶ
934 2664 1056 2708 κτίσας
1096 2663 1198 2702 πόλιν

170 2722 341 2776 Ἀὅδηρον
356 2723 452 2778 παρὰ
475 2741 533 2764 τον
553 2726 662 2780 τάφον
681 2730 742 2765 τοῦ
756 2723 1001 2778 διαφθαρέντος
1017 2722 1198 2775 Ἀὸδήρου,

169 2780 232 2825 τὰς
266 2781 393 2827 ἵππους
424 2785 575 2837 κομίσας
610 2787 783 2840 Εὐρυσθεῖ
812 2784 938 2823 ἔδωκε·
975 2781 1138 2834 μεθέντος
1162 2780 1199 2819 δὲ

171 2838 278 2883 αὐτὰς
301 2842 528 2895 Εὐρυσθέως,
551 2845 598 2888 εἷς
621 2843 662 2883 τὸ
687 2843 874 2896 λεγόμενον
906 2841 982 2896 ὄρος
1008 2840 1198 2892 Ὄλυμπον

170 2900 332 2938 ἐλθούσαι
351 2902 437 2956 πρὸς
452 2906 523 2942 τῶν
543 2903 672 2959 θηρίων
697 2903 897 2943 ἀπώλοντο.

224 2967 274 3018 (9)
294 2967 467 3011 ’Έννατον
506 2966 609 3011 ἀθλον
639 2973 809 3027 Ἡρακλεῖ
843 2969 1012 3017 ἐπέταξε,
1037 2970 1199 3021 ζωστῆρα

171 3040 274 3075 ἰιομ-
245 3026 290 3057 ‘⁶7'
277 3042 324 3065 ειν
346 3029 405 3067 τὸν
426 3030 651 3080 Ἱππολύτης.
675 3031 775 3079 Αύτη
804 3030 840 3069 δὲ
865 3029 1065 3068 ἐοασίλευεν
1092 3026 1200 3079 Ἀμα-

172 3082 292 3131 ζόνων,
308 3085 344 3123 αἳ
363 3089 543 3142 κατῳκουν
565 3107 645 3145 περι
675 3090 734 3129 τὸν
754 3089 995 3143 Θερμώδοντα
1021 3085 1196 3136 ποταμὸν,

171 3140 265 3185 ἔθνος
287 3142 381 3195 μέγα
411 3146 456 3185 τὰ
486 3149 578 3188 κατὰ
605 3149 778 3201 πόλεμον·
802 3148 932 3196 ἤσκουν
952 3145 1021 3200 γὰρ
1041 3143 1196 3198 ἀνδρίαν.

174 3200 247 3238 Καὶ
270 3200 303 3238 ει
318 3217 402 3241 ποτε
419 3214 575 3257 μιγεῖσαι
595 3208 812 3260 γεννήσειαν,
836 3206 881 3246 τὰ
906 3206 1015 3254 θήλεα
1042 3203 1197 3258 ἔτρεφον,

171 3257 230 3295 χαι
246 3257 324 3302 τους
345 3260 407 3311 μὲν
438 3265 565 3311 δεξιοὺς
587 3283 739 3318 μαστους
760 3265 947 3314 εξέθλιὸον,
970 3263 1029 3302 ἵνα
1053 3262 1102 3315 μὴ
1123 3277 1198 3300 κω·-

170 3315 322 3355 λύωνται
349 3321 554 3371 ἀκοντίζειν,
581 3342 660 3369 τους
699 3325 735 3363 δὲ
766 3324 967 3379 ἀριστερους
1010 3322 1104 3371 εἴων,
1138 3319 1197 3359 ἵνα

169 3374 338 3428 τρέφοιεν·
365 3374 478 3433 2Εῖ7ε
510 3383 546 3421 δὲ
569 3383 760 3431 ΙππολύΟη
781 3384 838 3423 τὸν
861 3383 979 3436 Ἄρεος
1018 3383 1195 3434 ζωστηρα,

1263 343 1417 384 laborem,
1433 345 1553 386 quippe
1569 354 1666 386 quem
1679 345 1826 378 mercede
1838 344 1978 378 fecisset.

1305 413 1350 454 (6)
1365 414 1499 446 Sextum
1515 413 1543 446 ei
1556 413 1698 446 laborem
1714 413 1894 455 imperavit,
1907 414 1944 446 ut
1960 415 2200 456 Stymphalidas
2215 425 2292 450 aves

1263 475 1397 517 fugaret.
1413 479 1490 509 Erat
1502 476 1535 508 in
1550 476 1741 518 Stymphale
1760 476 1904 509 Arcadiae
1918 477 1999 510 urbe
2017 477 2214 520 Stymphalis
2235 487 2290 520 pa-

1263 540 1314 572 lus
1330 540 1441 573 multis
1463 550 1563 583 opaca
1576 540 1757 574 arboribus.
1776 542 1847 573 Huc
1866 541 2038 574 innumera
2061 541 2171 574 avium
2187 542 2293 575 multi-

1262 604 1355 644 tudo,
1373 605 1639 646 pertimescentes
1661 614 1702 638 ne
1715 605 1782 646 lupi
1802 605 1945 646 praedam
1965 604 2029 637 sibi
2044 607 2203 646 raperent,
2218 604 2294 647 suga

1262 678 1298 702 se
1315 672 1510 711 receperant.
1524 674 1540 694 ⁹
1555 670 1737 711 Ambigenti
1752 670 1860 711 itaque
1875 669 2005 702 Herculi
2015 678 2156 710 quanam
2170 669 2294 703 ratione

1262 742 1338 766 aves
1353 743 1371 766 e
1386 734 1469 767 silva
1481 734 1676 776 dispelleret,
1694 735 1839 767 Minerva
1854 742 1944 766 aenea
1960 733 2155 774 crepitacula
2168 733 2258 766 dedit
2274 743 2294 766 a

1262 799 1408 831 Vulcano
1421 799 1483 840 ipsi
1498 799 1628 832 donata.
1643 803 1657 822 ⁵
1668 801 1747 832 Haec
1762 799 1816 831 ille
1832 798 1965 840 pulsans
1978 797 2012 829 in
2030 799 2138 830 monte
2153 796 2294 838 quodam

1262 862 1372 903 paludi
1387 863 1552 904 adjacente
1560 872 1680 905 pavore
1691 872 1768 896 aves
1783 863 1919 904 perculit
1929 874 1938 903 3
1950 871 2024 904 quae
2037 862 2179 895 sonitum
2193 862 2293 896 istum

1263 927 1351 960 haud
1366 928 1563 960 sustinentes
1578 936 1646 969 prae
1661 929 1749 961 metu
1767 928 1947 967 evolarunt,
1965 928 2063 968 atque
2078 927 2167 959 hunc
2181 926 2215 958 in
2229 934 2294 958 mo·

1263 992 1342 1025 dum
1356 993 1512 1025 Hercules
1530 992 1656 1034 sagittis
1672 1001 1726 1025 eas
1743 992 1917 1024 transfixit.

1306 1075 1351 1116 (7)
1376 1076 1554 1116 Septimum
1569 1075 1712 1107 laborem
1728 1075 1894 1116 imposuit,
1911 1077 1946 1106 ut
1961 1076 2092 1106 taurum
2109 1074 2295 1106 Cretensem

1263 1133 1450 1165 adduceret.
1470 1134 1566 1165 Hunc
1590 1132 1760 1164 Acusilaus
1776 1131 1916 1164 eundem
1936 1139 2008 1164 esse
2029 1130 2143 1169 refert,
2160 1129 2218 1170 qui
2233 1131 2295 1161 Eu-

1263 1199 1376 1232 ropam
1390 1191 1464 1224 Jovi
1482 1191 1751 1223 transfretaverit.
1770 1192 1907 1224 2contra
1921 1189 1976 1222 alii
1991 1189 2105 1222 dicunt
2119 1197 2194 1221 eum
2207 1197 2227 1220 a
2239 1189 2297 1220 Ne·

1262 1250 1366 1289 ptuno
1381 1257 1399 1281 e
1415 1248 1497 1280 mari
1510 1248 1679 1288 emissum,
1693 1256 1759 1288 quo
1771 1248 1917 1288 tempore
1930 1246 2038 1279 Minos
2049 1245 2084 1278 id
2096 1253 2132 1278 se
2142 1246 2293 1286 Neptuno

1263 1306 1507 1338 immolaturum
1524 1306 1620 1346 dixit,
1635 1305 1724 1346 quod
1739 1314 1758 1338 e
1774 1305 1856 1337 mari
1871 1304 2065 1346 apparuerit.
2080 1305 2187 1345 Atque
2202 1302 2298 1335 aiunt

1263 1366 1461 1398 admiratum
1488 1364 1597 1406 ipsum
1616 1364 1700 1396 tauri
1715 1364 1856 1405 speciem
1883 1363 1924 1396 ad
1949 1364 2096 1396 armenta
2110 1370 2186 1394 eum
2202 1361 2296 1394 dimi-

1265 1424 1358 1464 sisse,
1378 1424 1513 1465 ejusque
1529 1422 1600 1455 loco
1616 1422 1716 1454 alium
1735 1423 1888 1463 Neptuno
1904 1421 2111 1454 sacrificasse.
2129 1422 2236 1459 Quam
2252 1419 2296 1452 ob

1263 1490 1330 1514 rem
1346 1481 1464 1513 iratum
1481 1488 1603 1512 numen
1620 1481 1752 1511 taurum
1765 1477 1927 1511 efferasse.
1946 1479 2084 1512 ‘Contra
2099 1476 2188 1510 bunc
2200 1471 2296 1519 igitur

1263 1538 1417 1572 Hercules
1439 1537 1473 1569 in
1489 1540 1620 1570 cretam
1644 1536 1809 1579 profectus
1823 1561 1833 1578 ,
1850 1543 1954 1578 quum
1970 1536 2094 1578 peteret
2126 1536 2163 1567 ut
2183 1543 2296 1576 capere

1262 1597 1372 1630 liceret
1402 1599 1550 1637 taurum,
1579 1596 1687 1628 Minos
1700 1594 1846 1637 permisit
1861 1594 1926 1636 ipsi
1948 1596 1985 1626 ut
2005 1594 2132 1635 caperet
2153 1600 2228 1625 eum
2241 1615 2252 1633 ,
2268 1591 2295 1624 si

1263 1658 1482 1700 perdomaret.
1501 1660 1605 1696 Quem
1622 1657 1679 1689 ubi
1696 1657 1887 1698 subegerat,
1903 1655 1945 1688 ad
1959 1653 2181 1696 Eurystheum
2195 1653 2294 1695 perla-

1262 1719 1334 1750 tum
1350 1717 1503 1758 ostendit,
1521 1718 1596 1759 post
1610 1718 1719 1749 autem
1734 1715 1872 1748 liberum
1885 1714 2018 1747 dimisit.
2030 1715 2130 1746 ⁴Tum
2142 1713 2194 1746 ille
2207 1716 2296 1755 Spar-

1262 1780 1330 1808 tam
1356 1777 1539 1818 peragravit
1571 1779 1604 1809 et
1639 1775 1812 1808 Arcadiam
1851 1774 2048 1814 universam,
2086 1781 2125 1805 ac
2160 1772 2294 1813 trajecto

1263 1838 1402 1879 Isthmo,
1420 1837 1460 1870 ad
1479 1838 1703 1870 Marathonem
1721 1836 1822 1875 venit,
1847 1835 1902 1867 ubi
1919 1836 2081 1875 regionem
2097 1833 2187 1866 illam
2205 1833 2292 1865 inco-

1262 1896 1404 1930 lentibus
1418 1906 1535 1938 magna
1550 1896 1658 1928 intulit
1674 1895 1878 1928 detrimenta.

1305 1965 1349 2006 (8)
1363 1966 1524 1997 Octavum
1540 1963 1682 1997 laborem
1692 1964 1721 1996 ei
1733 1962 1915 2004 imperavit,
1931 1963 1968 1994 ut
1982 1960 2150 1993 Diomedis
2162 1959 2296 1993 Thracis

1262 2042 1361 2076 equas
1373 2035 1524 2075 Mycenas
1540 2033 1725 2066 adduceret.
1742 2035 1786 2073 Is,
1803 2031 1916 2064 Martis
1933 2039 1952 2063 e
1971 2032 2098 2071 cyrene
2113 2028 2210 2070 tilius,
2227 2036 2287 2062 rex

1264 2108 1332 2140 orat
1347 2105 1531 2146 Bistonum,
1541 2105 1687 2140 Thraciae
1699 2104 1803 2146 gentis
1815 2101 2080 2135 bellicosissimae.
2088 2100 2180 2134 Idem
2193 2108 2294 2142 equas
2316 2099 2320 2151 η’

1262 2176 1401 2208 habebat
1413 2173 1565 2206 humanis
1574 2174 1740 2205 vescentes
1753 2170 2091 2204 carnibus.³}1ercules
2102 2170 2200 2212 igitur
2211 2166 2306 2205 navev

1264 2246 1428 2288 protectus
1443 2253 1519 2277 cum
1536 2243 1692 2276 volonum
1707 2251 1818 2283 manu,
1835 2241 1869 2273 vi
1886 2241 2046 2283 superatis
2061 2240 2118 2282 qui
2136 2249 2294 2282 equarum

1262 2314 1463 2357 praesepibus
1481 2314 1657 2355 praeerant,
1676 2312 1763 2354 ipsas
1778 2310 1820 2343 ad
1838 2319 1927 2343 mare
1941 2309 2058 2351 abegit.
2077 2313 2092 2333 ³
2106 2309 2294 2343 Bistonibus

1262 2395 1339 2418 vero
1355 2394 1432 2418 cum
1453 2383 1552 2417 armis
1568 2382 1610 2415 ad
1625 2391 1721 2424 opem
1736 2380 1902 2414 ferendam
1917 2379 2174 2421 accurrentibus,
2191 2388 2293 2421 equas

1262 2455 1391 2488 Abdero
1413 2453 1548 2486 tradidit
1569 2450 1810 2484 custodiendas.
1833 2449 1896 2482 Hic
1917 2447 2069 2481 Mercurii
2089 2442 2177 2480 filius
2198 2449 2315 2493 erat,¹

1261 2528 1384 2559 Locrus
1397 2534 1438 2558 ex
1447 2524 1588 2565 Opunte,
1604 2520 1752 2554 Herculis
1770 2520 1926 2560 amasius,
1941 2518 1998 2559 qui
2009 2518 2051 2550 ab
2065 2507 2213 2559 equabus
2229 2517 2292 2550 dis-

1260 2597 1389 2636 cerptus
1404 2594 1507 2636 periit.
1523 2595 1538 2615 ⁴
1552 2593 1678 2625 Interea
1693 2590 1846 2623 Hercules
1864 2597 1997 2621 manum
2015 2595 2090 2620 cum
2106 2586 2314 2631 Bistonibus4

1261 2666 1436 2706 conseruit,
1452 2666 1485 2698 et
1515 2663 1685 2696 interfecto
1714 2660 1871 2693 Diomede
1892 2659 2032 2700 reliquos
2057 2658 2134 2699 fuga
2154 2657 2301 2691 salutem

1260 2743 1405 2777 quaerere
1423 2733 1538 2774 coegit.
1561 2731 1686 2765 Deinde
1703 2730 1832 2762 Abdero
1858 2728 1938 2761 urbe
1959 2727 1999 2760 ad
2021 2726 2140 2759 Abderi
2155 2719 2305 2768 peremti

1261 2804 1445 2845 sepulcrum
1461 2802 1609 2841 condita,
1634 2801 1764 2833 abactas
1782 2807 1883 2840 equas
1898 2797 2083 2839 Eurystheo
2101 2795 2246 2829 tradidit.
2261 2795 2302 2828 A«

1259 2882 1324 2914 quo
1337 2871 1482 2904 dimissoe
1497 2871 1532 2902 in
1544 2870 1684 2911 Olympo
1696 2870 1807 2901 monte
1819 2876 1839 2899 a
1857 2866 1933 2899 feris
1948 2865 2115 2898 dilaniatae
2127 2865 2215 2898 sunt.

1302 2968 1346 3008 (9)
1360 2969 1489 3000 Nonum
1502 2965 1643 2997 laborem
1657 2962 1787 2996 Herculi
1801 2960 1969 3002 imperavit
1979 2961 2016 2991 ut
2027 2956 2211 2999 Hippolytae
2222 2954 2286 2988 bal-

1259 3024 1348 3055 teum
1362 3021 1502 3053 afferret.
1515 3019 1595 3051 Haec
1610 3019 1678 3049 erat
1691 3019 1890 3048 Amazonum
1907 3013 2029 3054 regina,
2045 3020 2119 3052 quae
2136 3010 2176 3042 ad
2189 3010 2312 3042 Thera.

1258 3074 1446 3107 modontem
1465 3070 1604 3102 fluvium
1624 3068 1832 3108 habitabant,
1849 3074 1927 3107 gens
1951 3063 2036 3096 bello
2054 3062 2194 3103 gerendo
2207 3067 2291 3102 prm·
2319 3090 2320 3094 ,

1258 3124 1475 3163 stantissima3
1498 3130 1574 3154 nam
1595 3120 1719 3153 bellicae
1751 3116 1935 3150 strenuitati
1955 3123 2087 3157 operam
2106 3112 2281 3145 navabant.
2317 3130 2320 3150 ς

1257 3182 1304 3212 Ac
1320 3178 1346 3211 si
1362 3176 1493 3219 quando
1509 3183 1550 3207 ex
1564 3174 1710 3205 virorum
1728 3170 1903 3203 concubitu
1933 3167 2157 3210 peperissent,
2193 3162 2292 3197 remi·-

1257 3239 1335 3263 neos
1347 3230 1474 3261 tantum
1487 3228 1598 3268 partus
1610 3222 1801 3256 educabant.
1823 3221 1952 3253 Eaedem
1965 3219 2114 3251 dexteras
2125 3223 2246 3249 mamm

1256 3282 1430 3321 elidebant,
1443 3289 1484 3312 ne
1494 3279 1608 3321 jaculis
1623 3275 1789 3309 mittendis
1804 3273 2034 3315 impedimento
2049 3271 2166 3310 forent,
2183 3268 2291 3308 laevas,

1256 3337 1376 3374 autem,
1391 3332 1511 3374 quibus
1525 3330 1665 3362 infantes
1680 3328 1820 3365 alerent,
1836 3325 2007 3358 servath
2027 3323 2172 3356 intactas.
2189 3320 2288 3362 ’Hip-

1257 3388 1366 3431 polyte
1381 3394 1458 3419 vero
1477 3383 1592 3417 Martis
1606 3381 1750 3414 balteum
1767 3378 1917 3419 habebat,
1929 3377 2055 3418 insigne
2067 3374 2285 3417 principatus.
