2294 3704
902 136 971 175 DE
999 136 1273 177 HECATAEO.
2108 150 2152 178 xl

39 231 117 270 uec
139 235 266 267 tamen
280 224 485 280 persuasit.
506 228 608 266 Tum
629 225 669 265 id
700 225 851 264 consilii
872 223 999 272 dedit,
1017 232 1060 262 ut

35 287 109 327 sibi
128 287 244 326 maris
261 286 464 339 imperium
476 297 698 336 comparare
715 284 926 328 studerent,
946 291 1063 333 atque

35 346 150 398 hujus
169 347 226 385 rei
238 343 444 384 efficiendae
461 356 574 382 causa
595 342 736 395 opibus
763 343 805 381 in
823 341 1063 380 Branchida-

36 417 124 445 rum
140 405 286 457 templo
307 402 543 442 conservatis
563 402 804 454 potirentur,
832 413 972 451 easque
988 413 1055 437 na-

37 464 151 504 vibus
179 461 414 502 instruendis
433 460 715 512 impenderent.
735 463 878 499 Verum
899 472 948 496 ne
964 458 1064 495 hanc

39 521 191 573 quidem
207 519 434 559 sententiam
451 519 498 557 iis
513 517 706 570 probavit.
723 517 911 557 Herodot.
929 519 977 565 V,
999 516 1062 554 36.

90 580 220 620 Paullo
237 587 327 631 post
346 579 414 618 ubi
427 579 690 631 Artaphernes
701 586 740 616 et
748 581 892 617 Otanes
915 576 1064 615 Ioniam

39 639 303 691 AEolidemque
311 639 534 677 invaserant
545 652 589 677 ac
598 639 849 677 Clazomenas
857 645 897 674 et
905 639 1063 686 Cymam

40 699 153 740 nrbes
164 699 206 738 in
216 707 446 751 potestatem
457 711 565 737 suam
575 698 816 750 redegerant,
826 697 1064 746 Aristagoras

38 761 86 800 de
106 757 221 797 rebus
246 759 325 797 suis
348 759 575 810 desperans,
600 765 645 795 ut
656 756 944 808 impendentem
966 762 1062 792 tem-

37 825 222 871 pestatem
238 825 430 856 averteret
439 845 450 864 ,
463 817 590 855 denuo
606 816 808 854 consilium
821 813 1063 852 convocavit.

37 876 82 916 In
95 890 141 916 eo
148 879 346 915 Hecataeus
356 876 575 927 proposuit,
592 884 636 914 ut
647 888 772 926 neque
780 874 819 912 in
834 873 1064 920 Sardiniam,

36 948 161 987 neque
185 935 226 973 in
247 935 435 974 Edoniam
475 935 737 986 Aristagoras,
763 933 830 972 sed
859 933 900 970 in
924 935 1065 970 Lerum

35 994 199 1034 insulam
229 994 385 1033 castello
410 995 597 1032 munitam
629 1007 669 1032 se
696 993 904 1044 reciperet,
933 990 1066 1042 ibique

37 1066 166 1093 rerum
185 1062 368 1092 eventum
397 1062 651 1105 exspectaret.
678 1052 865 1092 Herodot.
895 1053 943 1098 V,
976 1056 1064 1095 124.

37 1113 237 1153 Prudentis
253 1126 343 1152 sane
357 1121 395 1150 et
414 1113 684 1164 circumspecti
708 1112 780 1150 viri
797 1112 875 1149 haec
894 1109 1066 1155 consilia;

37 1178 78 1211 at
89 1172 203 1210 sicuti
216 1179 328 1211 antea
346 1170 568 1209 hominibus
580 1183 711 1209 rerum
731 1183 921 1208 novarum
938 1168 1067 1206 studio

37 1230 318 1284 praeoccupatis
334 1230 478 1268 frustra
501 1238 633 1268 noster
655 1229 863 1276 restiterat,
881 1228 936 1266 sic
952 1228 1068 1265 etiam

36 1304 139 1330 nunc
159 1291 395 1342 Aristagorae
413 1290 708 1342 pusillanimitas
723 1289 927 1341 impedivit
941 1316 951 1335 ‚
971 1301 1068 1338 quo-

36 1350 163 1388 minus
179 1350 384 1388 salutarem
404 1348 485 1399 ejus
509 1349 738 1388 sententiam
757 1349 1066 1399 amplecteretur.

38 1411 177 1459 Itaque
199 1409 348 1459 ingenti
378 1408 486 1447 clade
509 1412 623 1447 Iones
657 1408 705 1447 ad
733 1407 879 1446 Ladam
903 1406 1069 1445 insulam

36 1467 220 1519 prostrati
242 1476 343 1512 sunt,
357 1468 510 1506 Miletus
534 1476 637 1506 terra
654 1468 828 1519 marique
845 1473 1070 1519 oppugnata

37 1534 180 1564 sortem
213 1535 374 1577 experta
404 1535 463 1566 est
488 1528 757 1566 tristissimam.
793 1526 869 1565 Sed
897 1539 945 1564 ne
977 1534 1070 1562 tunc

36 1584 193 1636 quidem
218 1586 417 1623 Hecataeus
437 1586 569 1637 patriae
583 1586 715 1624 deesse
730 1585 869 1623 voluit.
883 1587 982 1624 Nam
1002 1583 1070 1621 ubi

35 1644 147 1682 Ionia
166 1644 320 1696 penitus
355 1644 506 1682 tandem
532 1653 666 1696 pacata
686 1653 765 1692 est,
799 1653 914 1695 atque
950 1646 1069 1682 Arta-

35 1703 202 1755 phernes
220 1702 375 1755 judiciis
392 1704 639 1743 instituendis
653 1735 664 1754 ,
686 1713 724 1743 et
742 1703 976 1756 imperandis
995 1704 1068 1742 tri-

34 1761 160 1811 butis,
181 1764 372 1815 terrisque
380 1764 624 1803 dimetiendis
639 1778 700 1803 res
712 1768 850 1803 Ionum
866 1764 958 1802 satis
970 1763 1071 1802 bene

37 1822 245 1869 ordinavit,
260 1824 424 1862 multum
442 1824 483 1862 in
501 1824 561 1862 his
574 1824 707 1863 deberi
723 1824 877 1863 videtur
899 1825 1070 1862 Hecataei

35 1882 252 1934 prudentiae
273 1891 312 1921 et
330 1896 408 1934 qua
426 1883 582 1922 valebat
598 1883 703 1936 apud
720 1892 914 1935 satrapam
934 1892 1071 1922 aucto-

35 1941 151 1980 ritati.
162 1942 207 1981 Id
220 1943 409 1981 concludo
415 1957 463 1982 ex
473 1944 690 1995 fragmento
701 1942 864 1983 Diodori
873 1944 1067 1997 (Excerpt.

36 2003 212 2041 Vatican.
233 2003 274 2041 in
302 2003 459 2054 Scriptt.
481 2011 576 2041 vett.
601 2017 693 2042 nov.
707 2004 856 2043 collect.
884 2004 944 2043 ed.
969 2004 1068 2052 Mai,

36 2069 127 2101 tom.
138 2065 190 2110 H,
202 2076 240 2114 p.
250 2062 330 2114 38),
341 2061 410 2100 ubi
417 2065 618 2101 Hecataeus
625 2076 699 2114 pro
709 2063 870 2101 Ionibus
879 2062 1071 2114 legatione

34 2119 196 2171 fungens
209 2121 478 2172 Artaphernen
489 2122 685 2174 rogavisse
699 2122 852 2171 dicitur,
871 2136 942 2161 cur
957 2122 1068 2160 Ioni-
1092 2147 1096 2152 -

34 2179 108 2219 bus
116 2180 322 2219 diffideret.
331 2181 608 2232 Respondente
615 2181 695 2231 illo,
705 2182 832 2220 vereri
840 2195 894 2230 se,
908 2195 956 2220 ne
965 2180 1071 2232 inju-

35 2239 181 2278 riarum
190 2253 379 2278 memores
390 2249 530 2289 essent,
540 2255 634 2292 quas
651 2242 741 2279 victi
754 2255 851 2280 exan
858 2242 1068 2290 tlavissent,

35 2301 154 2352 Ergo,
173 2302 300 2353 inquit
320 2305 533 2350 Hecataeus,
554 2303 586 2340 si
611 2303 795 2341 maleficia
816 2303 1068 2342 diffidentiam

37 2374 186 2404 creant.
202 2362 390 2404 beneficia
403 2365 520 2404 urbes
530 2367 699 2405 efficient
711 2368 836 2406 Persis
845 2368 1066 2407 benevolas.

36 2423 226 2476 Dictoque
242 2424 515 2477 obtemperans
537 2427 802 2478 Artaphernes
829 2428 932 2478 leges
955 2427 1068 2466 urbi—

37 2482 110 2522 bus
137 2483 266 2533 dedit,
302 2493 418 2536 atque
443 2485 590 2524 tributa
610 2500 684 2538 pro
703 2486 853 2525 viribus
868 2487 1065 2539 imposuit.

89 2547 185 2592 Quae
206 2555 389 2597 praeterea
430 2549 612 2586 Hecataeo
649 2548 862 2587 acciderint
875 2578 886 2598 ,
921 2550 1067 2600 quique

38 2604 209 2656 reliquus
224 2606 313 2644 vitae
325 2619 459 2644 cursus
467 2606 583 2645 fuerit
593 2608 949 2659 plancignoramus.
966 2612 1066 2647 Nam

38 2665 144 2715 quod
172 2666 308 2705 Suidas
331 2667 355 2704 l.
378 2667 405 2705 l.
425 2666 518 2704 dicit
538 2667 777 2705 Hellanicum
798 2667 849 2706 ad
874 2669 1065 2707 Milesium

39 2732 214 2762 nostrum
241 2725 393 2763 venisse
414 2726 475 2764 vel
495 2725 650 2764 obviam
671 2727 706 2765 ei
728 2727 870 2766 factum
895 2741 999 2776 esse,
1027 2729 1066 2767 id

38 2782 88 2820 ab
105 2797 199 2822 vero
219 2797 378 2835 prorsus
406 2784 615 2823 abhorrere
632 2799 678 2824 ex
699 2786 760 2835 iis,
784 2800 871 2837 quae
895 2787 994 2826 infra
1017 2788 1065 2827 de

36 2842 222 2881 Hellanici
237 2851 344 2882 aetate
359 2843 522 2882 dicenda
538 2854 640 2890 sunt,
658 2846 750 2883 satis
766 2846 929 2897 patebit.

76 2893 242 2950 'Restat‚
281 2910 326 2940 ut
354 2911 528 2941 veterum
566 2905 799 2956 scriptorum
837 2906 1065 2946 testimoniis

39 2962 232 3000 nonnullis
244 2962 459 3001 indicemus
469 2971 655 3014 quantum
675 2966 856 3002 Hecataeo
875 2965 1064 3005 honorem

38 3019 244 3070 antiquitas
261 3022 496 3073 praestiterit.
520 3023 738 3062 Heraclitus
760 3024 917 3075 quidem
936 3026 1061 3077 (Diog.

37 3080 161 3117 Laert.
179 3082 250 3127 IX,
267 3079 306 3129 1)
325 3080 507 3119 doctrinae
516 3082 668 3133 copiam
689 3083 782 3122 dicit
800 3097 871 3122 nec
889 3086 1063 3133 Hesiodi,

37 3139 347 3191 nechthagorae,
355 3153 425 3178 nec
434 3141 699 3192 XenophaniS,
707 3157 778 3181 nec
788 3144 956 3182 Hecataei
964 3158 1065 3182 men-

39 3203 114 3234 tem
143 3198 232 3236 satis
257 3199 503 3250 expolivisse.
535 3201 648 3250 Quod
684 3210 811 3240 tamen
840 3204 1064 3255 philosophi

39 3254 138 3294 dictu
144 3270 179 3294 ιιι
192 3257 302 3308 longe
309 3258 417 3296 abest
431 3267 473 3296 ut
485 3259 659 3298 detrahat
669 3261 813 3312 aliquid
822 3263 927 3300 laudi
938 3266 1065 3302 Heca-

39 3313 100 3352 taei
122 3329 211 3353 cum
243 3315 502 3356 celeberrimis
534 3320 691 3357 Graeciae
718 3321 812 3359 viris
844 3323 1063 3373 compositi.

0 3386 2 3392 ’
38 3374 150 3423 Apud
161 3375 353 3414 AElianum
363 3377 568 3428 ve1·o(Var.
578 3379 795 3430 Hist.XIII,
808 3381 1059 3428 20)Ce1-c‘idas

1120 225 1467 277 Megalopolitanus
1476 225 1619 264 dixisse
1629 225 1752 264 fertur
1764 223 1944 263 lubenter
1958 237 1999 264 se
2014 239 2063 264 ex
2078 227 2156 265 vita

1122 284 1399 331 discessurum3
1422 298 1578 337 sperare
1591 285 1695 324 enim
1712 286 1795 323 fore
1805 313 1814 330 ,
1828 293 1872 323 ut
1888 292 1976 336 post
1991 294 2155 324 mortem

1122 343 1354 396 adjungatur
1381 346 1482 384 inter
1500 345 1754 398 philosophos
1782 345 2010 397 Pythagorae
2027 376 2038 394 ,
2055 346 2158 384 inter

1122 403 1326 442 historicos
1336 407 1514 443 Hecataeo
1525 405 1598 456 (Cf.
1610 405 1903 444 Eratosthenem
1915 418 1977 456 ap.
1989 406 2114 445 Strab.
2124 411 2155 454 Ι,

1123 474 1163 512 p.
1188 462 1262 513 13).
1287 462 1349 500 Ab
1381 465 1626 514 Hermogene
1655 464 1729 515 (De
1750 476 1890 515 genere
1923 463 2077 503 dicendi
2105 470 2156 516 II,

1125 520 1147 569 §
1177 534 1191 556 1
1206 519 1243 572 2)
1270 533 1359 558 cum
1380 522 1581 560 Herodoto
1594 551 1604 569 ,
1625 523 1876 574 Thucydide,
1895 525 2159 577 Xenophonte

1124 580 1347 618 imitatione
1368 580 1602 631 praedicatur
1639 582 1900 633 dignissimus.
1924 583 2080 623 Solinus
2103 585 2158 636 (in

1123 639 1309 689 Polyhist.
1334 652 1367 677 c.
1400 638 1466 690 43)
1494 639 1646 690 insigne
1680 655 1769 679 eum
1798 641 1892 680 dicit
1912 643 2034 682 totius
2055 645 2158 683 Asiae

1126 698 1285 736 minoris
1304 697 1421 736 decus
1437 706 1475 736 et
1496 708 1766 738 ornamentum
1778 699 1851 751 (Cf.
1874 701 2015 739 Strabo
2046 705 2156 752 XIV,

1125 770 1162 808 p.
1179 757 1285 808 942).
1304 757 1451 805 Quanti
1477 757 1646 808 denique
1666 758 1714 796 ab
1737 759 1939 798 Herodoto
1957 761 2078 799 factus
2095 762 2158 812 sit,

1124 815 1210 867 ipso
1231 817 1298 855 illo
1315 815 1463 863 studio,
1479 830 1557 868 quo
1569 846 1578 864 ,
1595 816 1664 854 ubi
1677 830 1699 855 a
1717 818 1906 868 scriptore
1922 829 2057 858 nostro
2074 821 2158 860 dis—-

1124 877 1253 924 sentit,
1273 889 1361 914 eum
1382 876 1551 914 refutare
1569 876 1680 922 solet,
1699 876 1940 926 intelligitur.

1181 938 1312 986 Opera
1332 934 1475 986 quibus
1504 934 1733 972 eruditionis
1753 947 1830 972 suae
1850 935 2003 975 divitias
2022 947 2158 989 poste—

1125 995 1249 1033 ritatis
1273 994 1469 1032 memoriae
1496 993 1666 1032 traderet
1689 996 1911 1042 Hecataeus,
1945 999 2160 1047 composuit

1127 1054 1226 1102 duo,
1254 1052 1425 1107 Περίοδον
1456 1055 1541 1104 γῆς,
1573 1066 1689 1104 quam
1709 1053 1826 1090 etiam
1845 1052 2064 1107 Περιήγησιν
2085 1070 2158 1094 νο-

1127 1121 1238 1162 cant,
1257 1121 1295 1150 et
1315 1111 1546 1163 Γενεαλογίας
1565 1113 1626 1150 vel
1648 1111 1830 1166 Ἱστορίας.
1850 1112 2001 1165 (1).--
2016 1118 2162 1153 Descri-

1118 1176 1200 1222 ptio
1219 1171 1317 1208 orb1’s
1337 1180 1520 1208 terrarum
1542 1170 1695 1209 duobus
1709 1171 1908 1209 constabat
1921 1171 2042 1221 libris,
2057 1188 2160 1225 quo—

1129 1244 1213 1269 rum
1234 1231 1344 1282 prior
1362 1233 1559 1282 Europam
1572 1259 1582 1277 ‚
1608 1231 1704 1269 alter
1722 1230 1869 1279 Asiam,
1891 1234 2104 1283 AEgyptum
2125 1242 2163 1272 et

1129 1289 1290 1340 Libyam
1307 1289 1531 1328 exhibebat.
1562 1293 1721 1341 Europa
1739 1292 1922 1328 Hecataeo
1947 1299 2004 1329 est
2017 1291 2161 1330 borea—

1127 1348 1174 1387 lis
1196 1342 1303 1387 orbis
1329 1357 1516 1387 terrarum
1544 1362 1633 1400 pars
1658 1351 1830 1388 Caucaso
1854 1358 1985 1388 monte
2007 1351 2056 1389 ab
2074 1353 2164 1391 Asia

1129 1406 1314 1458 sejuncta.
1354 1400 1415 1446 A'd
1452 1408 1612 1446 eandem
1649 1409 1843 1459 pertinent
1880 1409 2015 1448 insulae
2047 1413 2163 1450 maris

1128 1467 1270 1517 AEgaei,
1299 1467 1455 1518 paucis,
1489 1481 1575 1518 quae
1600 1468 1696 1505 Asiae
1718 1467 1824 1506 litori
1851 1469 2030 1520 proxime
2050 1470 2162 1522 adja-

1130 1534 1237 1575 cent,
1252 1527 1439 1578 exceptis.
1460 1527 1680 1564 Australem
1697 1534 1809 1564 terrae
1823 1535 1972 1578 partem
1984 1529 2164 1569 universe

1131 1584 1226 1622 dicit
1239 1586 1383 1630 Asiam;
1401 1585 1469 1623 ubi
1486 1599 1580 1624 vero
1595 1587 1809 1624 accuratius
1827 1587 2014 1638 loquitur,
2032 1588 2164 1627 distin-

1130 1643 1214 1694 guit
1229 1643 1332 1682 inter
1349 1644 1480 1683 Asiam
1503 1646 1726 1696 angustiore
1742 1659 1855 1683 sensu
1873 1646 2014 1684 dictam
2035 1656 2074 1685 et
2092 1649 2162 1686 Li—

1129 1701 1269 1752 byam,
1294 1703 1386 1741 Nilo
1416 1703 1537 1749 fluvio
1573 1704 1796 1756 disjunctas.
1825 1705 1940 1744 Delta
1965 1707 2164 1758 regionem

1130 1762 1232 1799 Asiae
1248 1761 1399 1801 tribuit.

1183 1824 1358 1873 Uterque
1374 1821 1475 1860 liber
1499 1822 1539 1860 in
1560 1822 1688 1874 capita
1723 1822 1870 1862 divisus
1916 1832 2018 1873 erat,
2055 1839 2161 1876 quo-

1130 1893 1218 1918 rum
1256 1882 1414 1919 nomina
1450 1896 1499 1920 ex
1531 1890 1641 1933 parte
1662 1882 1822 1933 quidem
1861 1875 1975 1921 nobis
2013 1894 2164 1924 servata

1134 1948 1235 1978 sunt.
1269 1941 1332 1978 Sic
1362 1941 1505 1992 prioris
1538 1941 1628 1980 libri
1661 1951 1778 1994 caput
1814 1943 2045 1994 inscriptum
2083 1954 2165 1982 erat

1130 2001 1415 2049 Hellespontus,
1444 2000 1484 2038 in
1513 2014 1592 2051 quo
1622 2001 1738 2038 etiam
1768 2002 1968 2040 Tenedum
1998 2002 2163 2042 insulam

1130 2059 1447 2096 commemoravit
1486 2059 1548 2112 (fr.
1585 2059 1794 2112 136-138);
1832 2074 1880 2098 ex
1918 2061 2038 2099 altero
2073 2062 2162 2100 lau-

1129 2115 1271 2154 dantur
1301 2120 1444 2154 AEolica
1480 2118 1552 2170 (fr.
1586 2132 1660 2155 212
1678 2149 1689 2167 ,
1721 2120 1838 2171 213);
1870 2124 2055 2171 AEgrptus
2091 2122 2162 2175 (fr.

1131 2188 1229 2223 272,
1269 2181 1360 2224 274,
1409 2190 1499 2226 277,
1540 2178 1630 2225 278,
1669 2178 1760 2226 264,
1796 2179 1902 2229 283),
1944 2193 2031 2230 quae
2048 2181 2162 2219 etiam

1128 2234 1351 2286 AEthiopica
1387 2236 1610 2274 continebat
1655 2237 1715 2287 (fr.
1753 2237 1848 2286 265,
1886 2238 1998 2290 266);
2044 2241 2163 2289 Libya

1129 2293 1190 2344 (fr.
1207 2295 1299 2342 302,
1315 2294 1436 2333 305-:3
1447 2309 1506 2344 ιο,
1523 2304 1562 2333 et
1571 2295 1739 2347 saepius),
1755 2296 1863 2347 cujus
1878 2311 1968 2349 pars
1979 2298 2164 2350 inscripta

1130 2352 1246 2391 fuisse
1276 2353 1450 2392 videtur:
1480 2354 1604 2406 Libya
1635 2355 1859 2394 Phoenicum
1889 2358 1950 2409 (tr.
1983 2357 2089 2409 311).
2116 2380 2162 2387 —

1127 2411 1328 2462 Ordinem,
1346 2427 1426 2465 quo
1447 2415 1621 2465 regiones
1638 2423 1677 2452 et
1694 2416 1862 2466 populos
1883 2424 1921 2453 et
1941 2415 2055 2454 urbes
2069 2430 2161 2454 enu-

1127 2472 1356 2520 meraverit,
1392 2473 1433 2510 in
1462 2473 1687 2511 universum
1715 2483 1868 2512 secutus
1899 2489 1980 2513 esse
2009 2475 2160 2513 videtur

1126 2529 1248 2581 hunc,
1276 2540 1320 2569 ut
1347 2533 1389 2569 in
1413 2536 1572 2584 Europa
1593 2547 1614 2571 a
1632 2534 1777 2572 Graecia
1795 2548 1955 2572 exorsus
1973 2534 2157 2572 occiden-

1127 2598 1204 2627 tem
1220 2603 1354 2629 versus
1373 2592 1603 2643 procederet
1628 2593 1690 2645 (V.
1711 2593 1756 2631 fr.
1773 2594 1842 2642 83,
1862 2599 1930 2642 74,
1946 2594 2022 2641 75).
2042 2594 2159 2640 Quod

1125 2649 1345 2688 institutum
1362 2651 1533 2702 reliquit,
1559 2651 1629 2690 ubi
1644 2666 1718 2690 orae
1731 2653 1904 2702 alicujus,
1925 2652 2048 2703 qualis
2067 2666 2105 2689 v.
2124 2667 2156 2690 c.

1124 2708 1235 2759 Epiri
1260 2717 1335 2757 est,
1369 2709 1485 2749 urbes
1515 2712 1727 2759 recensuit,
1757 2711 1921 2762 quibus,
1961 2711 2075 2748 sicuti
2096 2725 2157 2749 res

1125 2767 1294 2817 ferebat,
1319 2769 1596 2808 mediterranea
1619 2771 1766 2821 oppida
1788 2769 1964 2820 adjunxit
1990 2769 2050 2820 (fr.
2077 2769 2155 2822 74).

1125 2827 1273 2864 Eodem
1302 2828 1421 2866 modo
1441 2828 1482 2865 in
1509 2828 1602 2866 Asia
1618 2842 1640 2866 a
1653 2827 1878 2879 regionibus
1897 2828 2055 2866 Graeciae
2074 2842 2158 2867 ma-

1126 2886 1227 2924 xime
1243 2887 1382 2925 vicinis
1401 2888 1552 2925 initium
1572 2901 1720 2939 ponens
1741 2887 1780 2924 in
1798 2887 2025 2926 occidentali
2042 2889 2157 2927 litore

1125 2945 1175 2983 ad
1196 2946 1395 2984 meridiem
1419 2947 1480 2999 (fr.
1504 2961 1594 2996 219,
1611 2947 1721 2995 228),
1748 2946 1788 2983 in
1812 2946 1960 2985 boreali
1983 2947 2044 3000 (fr.
2065 2950 2155 2998 203,

1129 3006 1216 3054 195,
1243 3018 1330 3055 190,
1353 3007 1439 3053 173,
1467 3004 1554 3055 171)
1592 3005 1641 3042 ad
1677 3005 1867 3044 orientem
1906 3007 2043 3058 pergit.
2064 3010 2156 3046 Haec

1124 3063 1242 3113 igitur
1267 3065 1510 3102 Clausenium
1533 3073 1850 3112 commoverunt,
1883 3074 1928 3103 ut
1950 3066 2155 3105 exordium

1123 3122 1163 3160 in
1187 3131 1352 3173 utroque
1379 3122 1479 3159 libro
1500 3123 1642 3160 factum
1662 3136 1744 3162 esse
1764 3132 1909 3163 statuat
1929 3124 1979 3163 ab
2007 3126 2154 3164 Helles-

1125 3189 1247 3232 ponto
1289 3182 1458 3232 primum
1493 3194 1563 3232 per
1594 3183 1907 3235 Archipelagum,
1939 3186 2124 3223 Graeciam
2143 3215 2154 3235 ,

1167 3299 1214 3340 (1)
1240 3299 1357 3332 Suidas
1374 3309 1381 3331 :
1401 3299 1597 3341 Ἑλλάνικος,
1621 3302 1792 3343 Μιλήσιος,
1817 3303 1981 3346 ἱστορικὸς.
2004 3303 2154 3345 Περίοδον

1123 3350 1178 3425 γές
1200 3347 1254 3425 1ἱαὶ
1264 3347 1437 3426 (ἱξῖῑυτῖρίας.
1461 3348 1524 3381 Ubi
1546 3353 1655 3391 aperte
1684 3350 1869 3384 Hellanicus
1897 3359 1973 3384 cnm
2004 3353 2154 3384 Hecataeo

1161 3403 1202 3426 un
1219 3403 1260 3426 un
1288 3403 1296 3426 ι
1356 3419 1362 3425 .
