2320 3684
158 168 227 202 130

151 248 283 302 ἔφθειρε
303 249 468 302 Προῖτος·
490 246 564 285 ὅθεν
592 247 707 289 αὐτοῖς
732 245 791 284 καὶ
823 249 845 292 ἠ
875 245 996 290 στάσις
1023 247 1183 298 ἐκινήθη·

151 309 198 350 ὣς
214 305 250 344 δὲ
268 304 351 344 ἔνιοι
368 306 467 360 φασὶ,
486 304 574 348 Ζεὺς
591 303 877 358 μεταμορφωθεὶς
894 306 941 347 εἷς
960 302 1091 357 χρυσὸν
1119 309 1179 343 καὶ

152 363 208 403 διὰ
227 367 289 411 τῆς
301 366 428 418 ὀροφῆς
446 366 494 407 εἷς
513 362 591 406 τοὺς
609 363 750 409 Δανάης
767 362 911 415 εἰσρυεὶς
930 361 1091 410 κόλπους,
1106 377 1183 400 συν-

151 423 266 469 ῆλθεν.
288 422 304 447 3
323 422 532 472 Αἰσθόμενος
570 419 607 458 δὲ
639 420 807 472 Ἀκρίσιος
835 419 976 475 ὕστερον
1012 419 1047 465 ἐξ
1078 421 1184 467 αὐτῆς

153 478 400 534 γεγεννημένον
422 477 576 533 Περσέα,
599 477 648 529 μὴ
669 477 859 522 πιστεύσας
878 478 945 518 ὑπὸ
962 478 1043 523 Διὸς
1056 478 1183 533 ἐφθάρ-

153 542 227 587 θαι,
247 538 310 585 τὴν
332 537 505 592 θυγατέρα
532 536 622 588 μετὰ
641 541 701 576 τοῦ
721 538 843 582 παιδὸς
863 539 910 582 εἷς
931 538 1090 592 λάρνακα
1115 540 1181 590 βα-

152 594 222 635 λὼν
238 627 248 645 ,
283 595 421 650 ἔῤῥιψεν
454 594 501 639 εἷς
520 596 712 635 θάλασσαν.
743 596 1044 650 Προσενεχθείσης
1067 595 1103 634 δὲ
1121 599 1183 644 τῆς

152 654 323 708 λάρνακος
341 654 493 709 Σερίφῳ,
514 654 641 698 Δίκτυς
660 653 746 708 ἄρας
765 653 930 709 ἀνέτρεφε
946 658 1085 694 τοῦτον.

207 714 260 766 (2)
283 713 484 754 Βασιλεύων
499 712 536 753 δὲ
543 717 606 760 τῆς
623 713 773 767 Σερίφου
787 713 1024 763 Πολυδέκτης,
1040 712 1184 767 ἀδελφὸς

154 771 315 820 Δίκτυος,
335 772 476 820 Δανάης
495 772 664 827 ἐρασθεὶς,
681 771 755 824 και,
772 772 998 826 ἠνδρωμένου
1009 772 1182 828 Περσέως,

155 829 204 882 μὴ
226 830 415 882 δυνάμενος
434 833 522 884 αὐτῃ
541 833 730 880 συνελθεῖν,
749 831 931 870 συνεκάλει
950 832 1030 876 τους
1049 831 1182 885 φίλους,

155 888 230 939 μεθ’
249 893 296 927 ὥν
315 889 374 927 καὶ
395 889 546 943 Περσέα,
563 888 730 942 λέγων,”
710 904 834 944 ερανον
852 890 1014 942 συνάγειν
1032 890 1090 929 ἐπὶ
1105 889 1184 934 τους

155 947 406 999 Ἱπποδαμείας
424 965 487 997 της
503 948 684 1001 Οἰνομάου
700 949 844 1000 γάμους.
863 950 954 988 2Γ
916 965 955 987 ου
967 948 1003 987 δὲ
1021 948 1186 1003 Περσέως

155 1006 331 1055 εἰπόντος,
351 1008 410 1046 καὶ
432 1007 490 1046 ἐπὶ
507 1011 550 1061 τῇ
569 1009 705 1062 κεφαλῇ
725 1011 788 1055 τῆς
805 1006 976 1061 Γοργόνος
998 1009 1062 1046 οὐκ
1081 1010 1184 1046 ἀντε-

157 1071 239 1117 ρεῖν,
259 1065 356 1120 παρὰ
374 1066 437 1118 μὲν
457 1069 526 1105 τῶν
546 1068 678 1105 λοιπῶν
700 1065 831 1119 ᾔτησεν
861 1065 1009 1115 ἵππους,
1036 1066 1132 1120 παρὰ
1149 1065 1186 1104 δὲ

155 1128 215 1162 τοῧ
232 1124 397 1178 Περσέως
413 1127 452 1164 οὗ
470 1124 590 1164 λαὸὼν
609 1124 689 1169 τοὺς
705 1124 845 1174 ἵππους,
864 1123 1009 1170 ἐπέταξε
1026 1127 1087 1171 τῆς
1099 1126 1127 1164 Γ
1129 1140 1187 1179 ορ-

155 1181 253 1234 γόνος
271 1183 425 1236 κομίζειν
442 1183 506 1232 τὴν
526 1183 694 1239 κεφαλήν.
709 1183 739 1209 3⁶
741 1187 774 1224 Ο
789 1183 838 1233 δὲ,
857 1184 992 1238 Ἕρμου
1009 1183 1068 1222 καὶ
1086 1183 1187 1230 Ἀθη-

155 1248 216 1285 νᾶς
234 1242 624 1296 προκαθηγουμένων,
609 1259 666 1281 επι
684 1241 745 1286 τὰς
759 1241 904 1297 Φόρκου
927 1241 1060 1294 γίνεται
1077 1244 1188 1292 θυγα-

156 1319 193 1340 τε
178 1301 257 1357 ’ρας
289 1303 425 1353 Ἐνυὼ,
454 1303 632 1358 Πεφρηδὼ
660 1302 719 1342 καὶ
739 1301 868 1342 Δεινώ·
893 1296 1009 1349 4ησοιν
1030 1300 1067 1339 δὲ
1085 1304 1188 1339 αὗται

158 1363 296 1408 Κητους
320 1379 358 1401 τε
383 1362 443 1401 καὶ
464 1361 628 1416 Φόρκου,
655 1359 837 1415 Γοργόνων
867 1360 1040 1414 ἀδελφαὶ,
1068 1365 1189 1413 γραῖαι

157 1421 197 1458 ἐκ
216 1435 367 1472 γενετης.
387 1420 482 1464 ἽΞνα
498 1436 536 1459 τε
553 1419 730 1473 ὀφθαλμὸν
749 1421 784 1458 αἱ
800 1425 891 1472 τρεῖς
907 1417 1004 1458 καὶ“’
985 1435 1046 1457 ενα
1065 1416 1189 1457 ὀδόντα

158 1472 267 1531 εἶχον,
287 1480 346 1518 καὶ
362 1482 474 1518 ταῦτα
492 1478 590 1534 παρὰ
608 1477 711 1533 μέρος
729 1478 875 1530 ἤμειὸον
895 1477 1074 1525 ἀλλήλαις.
1095 1478 1111 1503 ⁵
1121 1471 1188 1517 Ὧν

158 1538 341 1591 κυριεύσας
366 1541 384 1577 ὁ
411 1537 568 1591 Περσευς
583 1569 593 1587 ,
620 1540 666 1582 ὣς
682 1537 862 1590 ἀπῄτουν,
888 1536 954 1591 ἔφη
977 1535 1126 1585 δώσειν,
1146 1534 1188 1574 ἂν

159 1598 410 1649 ὑφηγήσωνται
423 1596 487 1644 τὴν
505 1596 583 1636 ὁδὸν
602 1596 702 1644 τὴν’
687 1597 745 1636 επὶ
761 1594 982 1659 τὰςΝύμφας
999 1594 1185 1650 φέρουσαν.

159 1661 176 1686 ⁶
194 1662 306 1698 Αυται
326 1656 362 1695 δὲ
387 1658 422 1694 αἱ
442 1655 590 1729 Νυμφαι
603 1655 722 1704 πτηνὰ
752 1649 847 1710 εἰχον
871 1653 1017 1703 πέδιλα,
1043 1654 1103 1693 καὶ
1125 1651 1189 1701 τὴν

161 1718 290 1757 κίὲισιν
307 1746 316 1764 ,
351 1732 394 1763 ην
422 1730 526 1769 φασιν
554 1730 643 1753 ειναι
666 1714 796 1768 πήραν.
832 1712 1030 1768 [Πίνδαρος
1060 1711 1097 1752 δὲ
1130 1711 1190 1751 και

161 1775 353 1818 ἹΙσίοδος’
338 1790 373 1813 εν
392 1773 528 1813 Ἀσπίδι
547 1773 604 1812 ἐπὶ
624 1777 685 1812 τοῦ
703 1771 880 1828 Περσέως·

284 1845 353 1876 Πᾶν
370 1844 402 1875 δὲ
417 1841 600 1884 μετάφρενον
613 1842 679 1883 εἶχε
691 1841 773 1885 κάρα
784 1842 896 1874 δεινοῖο
909 1842 1051 1885 πελώρου

285 1892 435 1933 Γοργοῦς,
449 1889 524 1930 ἀμφὶ
539 1889 572 1921 δέ
591 1899 642 1930 μιν
658 1889 772 1926 κίὸισις
789 1889 849 1921 θέε.

161 1949 327 2008 Εἴρηται
329 1947 366 1986 δὲ
383 1947 479 2001 παρὰ
495 1946 535 1985 τὸ
550 1947 718 1985 κεῖσθαι’
702 1951 774 1984 εκεῖ
792 1947 922 1993 ἐσθητα
941 1946 1000 1985 καὶ
1020 1946 1084 1995 τὴν
1106 1964 1190 2002 τρο-

160 2006 255 2060 φήν].
278 1999 388 2058 Εἶχον
407 2005 443 2044 δὲ
466 2005 524 2044 καὶ
550 2003 615 2052 τὴν
643 2006 764 2051 κυνῆν.
786 2005 804 2031 7
818 2003 1124 2077 Υφηγησαμένων
1154 2005 1190 2045 δὲ

159 2068 228 2104 τῶν
249 2065 449 2119 Φορκίδων,
471 2062 620 2107 ἀποδους
638 2062 698 2101 τόν
711 2079 750 2101 τε
764 2061 889 2102 ὀδόντα
906 2063 966 2102 καὶ
985 2063 1044 2103 τὸν
1062 2066 1192 2119 ὀφθαλ-

161 2124 225 2176 μὸν
248 2126 380 2172 αὐταῖς,
401 2123 461 2161 καὶ
478 2121 760 2176 παραγενόμενος
775 2121 861 2177 πρὸς
877 2124 938 2167 τὰς
955 2122 1119 2177 Νύμφας,
1130 2124 1190 2163 καὶ

158 2182 275 2236 τυχὼν
294 2177 342 2221 ὧν
361 2181 566 2230 ἐσπούδαζε,
586 2180 650 2228 τὴν
666 2180 730 2232 μὲν
745 2181 874 2220 κίὸισιν
892 2182 1132 2236 περιεὸάλετο,
1146 2182 1191 2222 τὰ

159 2242 195 2280 δὲ
212 2242 338 2281 πέδιλα
357 2248 428 2285 τοῖς
454 2246 593 2294 σφυροῖς
610 2239 839 2294 προσήρμοσε
852 2271 863 2289 ,
883 2240 947 2288 τὴν
967 2240 1003 2279 δὲ
1021 2245 1127 2289 κυνῆν
1144 2245 1189 2295 τῇ

158 2303 292 2355 κεφαλῇ
313 2300 465 2339 ἐπέθετο.
487 2297 633 2346 Ταύτην
652 2297 743 2350 ἔχων
755 2330 765 2348 ,
792 2299 892 2343 αὐτὸς
913 2298 976 2351 μὲν
994 2299 1051 2344 οὒς
1068 2300 1188 2348 ἤθελεν

157 2343 283 2398 ἔὸλεπε
269 2376 316 2408 εν,
337 2362 404 2397 υπο
421 2358 535 2396 ἄλλων
557 2356 594 2395 δὲ
621 2373 686 2410 ουχ
717 2360 862 2412 ἑωρᾶτο.
885 2358 1044 2398 3Λαέὼν
1066 2358 1102 2398 δὲ
1130 2360 1189 2399 καὶ

157 2418 255 2472 παρὰ
273 2417 408 2479 Ἑρμοῦ
428 2416 700 2468 ἀδαμαντίνην
687 2416 822 2470 άρπην,
849 2416 1037 2469 πετόμενος
1061 2420 1108 2462 εἰς
1130 2418 1188 2457 τὸν

159 2477 333 2516 Ὠκεανὸν
354 2481 419 2524 ἧκε
439 2475 498 2514 καὶ
529 2474 703 2514 κατέλαὸε
725 2474 786 2519 τὰς
807 2474 980 2529 Ιοργόνας
1005 2476 1189 2528 κοιμωμέ-

157 2551 227 2579 νας.
241 2535 257 2560 9
267 2538 379 2575 Ἦσαν
395 2534 431 2573 δὲ
441 2529 685 2583 αὑταιΣθενω,
700 2533 949 2587 Ῡύρυάλη,Με
935 2533 1069 2573 'douo-oc.
1086 2534 1187 2583 Μόνη

158 2593 193 2632 δε
212 2611 253 2642 ην
271 2594 379 2642 θνητὴ
390 2593 569 2636 Μέδουσα·
588 2592 644 2630 διὰ
655 2608 757 2631 τουτο
774 2592 831 2631 ἐπι
851 2591 914 2640 τὴν
931 2592 1060 2641 ταύτης
1077 2609 1188 2648 κεφα-

156 2653 220 2701 λὴν
234 2653 411 2707 Περσευς’
396 2669 458 2692 επε
449 2652 570 2707 ’μφ.θη
590 2646 623 2670 ¹⁰
634 2645 744 2704 Εἶχον
758 2650 793 2689 δὲ
805 2667 840 2689 αι
829 2650 1019 2705 Γοργόνες
1037 2651 1189 2705 κεφαλὰς

158 2712 201 2763 μὲ
204 2729 221 2751 ν
248 2729 291 2750 πε
276 2711 582 2766 εριεσπειραμένας
603 2710 720 2766 φολίσι
746 2709 969 2763 δρακόντων,
990 2708 1131 2754 ὀδόντας
1150 2710 1187 2749 ’δὲ

158 2771 328 2823 μεγάλους
345 2774 391 2814 ὡς
409 2773 500 2810 συῶν
513 2801 523 2819 ,
549 2770 609 2809 καὶ
625 2776 744 2824 χεῖρας
760 2770 914 2821 χαλκᾶς,
935 2767 994 2807 καὶ
1010 2767 1185 2822 πτέρυγας

155 2836 296 2883 χρυσᾶς,
308 2824 406 2868 διίἷν
423 2829 586 2868 ἐπέτοντο
597 2845 605 2853 ·
614 2828 693 2873 τοὺς
706 2827 743 2867 δὲ
758 2827 892 2871 ἰδόντας
901 2826 1016 2870 λίθους
1029 2827 1185 2868 ἐποίουν.

160 2885 185 2909 ¹¹
199 2888 371 2933 Ἐπιστὰς
390 2893 448 2927 οὐν
462 2891 582 2932 αὐταῖς
594 2886 777 2942 ὁΠερσευς
796 2885 1048 2938 κοιμωμέναις,
1065 2902 1187 2925 κατευ-

156 2948 391 2996 θυνούσηςτὴν
403 2954 504 3000 χεῖρα
511 2945 966 3008 Ἀθηνᾶς,ἀπεστραμμένος
975 2960 1034 2983 και
1047 2945 1185 2997 βλέπων

157 3008 204 3050 εἷς
223 3007 354 3045 ἀσπίδα
383 3008 545 3060 χαλκην,
573 3006 616 3044 δι’
638 3009 680 3052 ἧς
698 3004 762 3052 τὴν
789 3003 906 3043 εἰκόνα
931 3006 993 3051 τῆς
1016 3005 1086 3057 Ιορ
1088 3003 1186 3055 γόνος

158 3064 300 3103 ἔὸλεπεν
305 3063 593 3119 ,ἐκαρατόμησεν
609 3065 729 3112 αὐτήν.
745 3065 775 3092 ¹²
784 3062 1060 3115 Ἀποτμηθείσης
1074 3062 1110 3100 δὲ
1124 3066 1186 3110 τ’ῆε

157 3125 328 3177 κεφαλῆς,
356 3125 395 3161 ἐκ
420 3126 482 3170 τῆς
501 3122 671 3176 Ιοργόνος
693 3122 825 3177 ἐξέθορε
846 3121 1032 3173 Πηγασος,
1055 3122 1185 3169 πτηνὸς

157 3179 283 3229 ἵππος,
304 3197 362 3219 και
382 3181 558 3235 Χρυσάωρ
584 3185 603 3220 ὁ
627 3181 805 3235 Γηρυόνου
823 3197 978 3256 πατηρ·
986 3179 1128 3224 τούτους
1147 3180 1183 3220 δὲ

158 3240 214 3290 ἐγε
217 3254 339 3286 ννησεν
370 3241 409 3277 ἐκ
438 3241 666 3284 Ποσειδῶνος
696 3242 749 3293 (3)
781 3240 824 3280 ‘O
853 3256 916 3292 μεν
938 3233 996 3279 ουν
1027 3239 1184 3293 Περσευς

158 3295 338 3347 ἐνθέμενος
357 3298 403 3339 εἷς
421 3296 484 3343 τὴν
504 3298 632 3336 κίδισιν
650 3298 713 3345 τὴν
734 3298 889 3353 κεφαλὴν
910 3302 973 3345 τῆς
986 3298 1180 3348 Μεδούσης,

158 3354 270 3393 ὀπίσω
298 3354 403 3393 πάλιν
431 3355 573 3410 ἐχώρει·
605 3359 640 3394 αἱ
667 3356 702 3394 δὲ
727 3356 895 3411 Γοργόνες
917 3359 956 3395 ἐκ
975 3360 1037 3404 τῆς
1064 3357 1182 3405 κοίτης

757 158 1126 198 ΑΠΟΛΛΟΔΩΡΟΥ
1153 158 1501 201 ΒΙΒΛΙΟΘΗΚΗΣ
1529 163 1580 213 Β,
1609 160 1651 200 δ’.

1241 261 1325 293 inter
1346 269 1402 293 eos
1416 263 1488 293 orta
1512 262 1676 294 contentio
1691 262 1752 294 est.
1776 260 1961 293 Secundum
1977 260 2074 301 alios,
2087 261 2215 303 Jupiter
2230 260 2266 294 in

1241 326 1376 350 aureum
1395 318 1532 351 imbrem
1551 327 1728 351 conversus
1744 320 1777 351 et
1800 326 1856 359 per
1875 317 2070 359 impluvium
2092 318 2126 350 in
2140 320 2267 351 Danaes

1241 377 1348 409 sinum
1365 377 1516 419 delapsus
1532 387 1606 410 cum
1623 387 1660 410 ea
1678 377 1863 410 concubuit.
1895 377 1974 410 ³Sed
1991 380 2103 418 postea
2119 377 2173 409 ubi
2195 378 2268 409 Per-

1241 444 1334 468 seum
1363 445 1402 469 ex
1437 436 1504 469 filia
1533 440 1647 469 natum
1677 437 1779 469 sensit
1813 436 1975 476 Acrisius,
2010 445 2077 468 non
2095 437 2229 469 credens
2249 445 2268 469 a

1241 494 1324 525 Jove
1337 502 1410 526 eam
1425 503 1645 535 compressam
1660 503 1749 534 esse,
1769 503 1833 526 una
1855 502 1930 526 cum
1952 493 2019 526 filio
2035 493 2070 525 in
2095 502 2170 526 arca
2192 502 2266 526 oon·

1241 550 1366 583 clusam
1383 550 1417 582 in
1443 560 1532 584 mare
1554 551 1678 592 dejecit.
1707 554 1789 583 Arca
1807 551 1841 582 in
1868 550 2040 591 Seriphum
2067 550 2191 591 delata,
2213 551 2267 583 Di-

1241 611 1313 650 ctys
1332 610 1497 642 sublatum
1517 619 1653 652 puerum
1676 610 1838 643 educavit.

1286 726 1329 766 (2)
1363 729 1485 759 Verum
1515 727 1706 768 Polydectes
1736 737 1790 760 rex
1826 727 1968 769 Seriphi,
1999 727 2097 760 frater
2123 727 2268 769 Dictyis,

1242 792 1370 823 Danaes
1386 799 1494 824 amore
1509 794 1635 834 captus,
1650 801 1752 833 quum
1768 801 1806 825 ea
1821 793 1952 834 propter
1967 794 2122 824 Perseum
2135 791 2268 834 jamjam

1242 855 1389 888 adultum
1406 855 1502 897 potiri
1521 865 1585 888 non
1607 858 1738 898 posset,
1755 857 1876 889 amicos
1902 856 2097 889 convocavit
2116 863 2192 888 cum
2220 854 2272 888 iis·

1242 928 1306 960 que
1338 921 1436 952 etiam
1470 922 1622 953 Perseum
1635 944 1645 961 ,
1677 930 1811 953 munera
1839 930 1874 954 se
1914 922 2104 959 coacturum
2133 920 2264 961 dicens,

1242 984 1361 1025 quibus
1389 984 1633 1026 Hippodamiae,
1655 986 1807 1018 OEnomai
1829 985 1921 1026 filiae,
1949 985 2080 1027 nuptias
2102 985 2165 1017 sibi
2189 974 2272 1018 coni-

1242 1054 1377 1091 pararet.
1400 1051 1595 1084 ²Dictitante
1606 1052 1716 1084 autem
1731 1053 1847 1083 Perseo
1863 1059 1897 1097 se
1911 1059 1951 1082 ne
1964 1049 2123 1091 Gorgonis
2139 1049 2271 1091 quidem

1244 1120 1340 1157 caput
1355 1117 1581 1150 recusaturum
1599 1124 1686 1154 esse,
1711 1124 1731 1147 a
1748 1115 1863 1147 ceteris
1885 1114 2018 1156 quidem
2039 1123 2141 1155 equos
2162 1117 2272 1155 postu-

1244 1181 1340 1223 lavit;
1356 1190 1439 1223 quos
1463 1191 1540 1214 vero
1559 1183 1696 1214 Perseus
1711 1189 1812 1222 equos
1828 1180 1935 1212 attulit
1952 1179 2041 1212 haud
2053 1179 2178 1221 accepit
2189 1203 2198 1218 ,
2215 1178 2274 1212 sed

1245 1246 1404 1287 Gorgonis
1419 1248 1517 1288 caput
1529 1247 1565 1278 ut
1577 1246 1706 1279 afferret
1720 1246 1897 1278 mandavit.
1916 1248 2068 1278 ⁵Perseus
2083 1244 2180 1286 igitur
2193 1246 2274 1277 Mer-

1246 1310 1338 1343 curio
1359 1320 1397 1344 ac
1410 1311 1556 1344 Minerva
1580 1311 1718 1344 ducibus
1734 1311 1850 1343 Phorci
1867 1311 1948 1343 filias
1966 1310 2064 1350 adiit,
2082 1312 2175 1351 Enyo
2186 1332 2196 1349 ‚
2220 1311 2275 1342 Pe·

1245 1374 1380 1416 phredo,
1396 1375 1493 1407 Dino.
1516 1376 1591 1407 ⁴11ae
1605 1376 1687 1407 Ceto
1699 1376 1731 1407 et
1744 1375 1868 1407 Phorco
1886 1375 1972 1407 natae
1984 1375 2172 1416 Gorgonum
2187 1381 2274 1406 soro·

1247 1447 1299 1471 res
1314 1439 1416 1478 erant,
1433 1438 1552 1470 vetulae
1568 1437 1643 1470 inde
1658 1447 1678 1470 a
1692 1437 1867 1478 natalibus,
1886 1446 1953 1470 uno
1968 1439 2032 1470 tres
2053 1437 2149 1469 oculo
2163 1437 2197 1469 et
2208 1445 2275 1469 uno

1248 1501 1344 1534 dente
1358 1500 1522 1542 praeditae,
1538 1500 1659 1542 quibus
1676 1509 1731 1542 per
1745 1501 1835 1534 vices
1851 1501 1935 1534 inter
1950 1509 1985 1533 se
1999 1499 2184 1533 utebantur.
2199 1498 2276 1532 ¹⁵His

1247 1565 1371 1608 potitus
1394 1568 1549 1605 Perseus,
1578 1565 1824 1607 reposcentibus
1847 1574 1882 1598 se
1898 1565 2101 1598 redditurum
2127 1563 2232 1603 dixit,
2247 1562 2276 1596 si

1248 1639 1321 1672 quae
1336 1630 1375 1663 ad
1398 1631 1564 1672 Nymphas
1589 1629 1722 1663 duceret
1737 1630 1823 1662 viam
1845 1630 2072 1662 monstrarent.
2091 1630 2208 1662 ⁶Erant
2221 1637 2276 1661 au·

1247 1697 1315 1729 tem
1328 1695 1485 1737 Nymphis
1495 1695 1558 1728 illis
1573 1695 1656 1728 alata
1669 1695 1783 1728 talaria
1794 1698 1825 1728 et
1841 1695 1961 1735 cibisis,
1974 1703 2074 1736 quam
2086 1703 2196 1737 peram
2205 1700 2277 1727 esso

1249 1758 1374 1792 dicunt.
1395 1759 1568 1801 [Pindarus
1583 1760 1616 1792 et
1635 1759 1796 1792 Hesiodus
1811 1759 1846 1791 in
1862 1760 1962 1791 Scuto
1976 1759 2023 1790 ita
2043 1757 2083 1790 de
2097 1760 2233 1791 Perseo:

1330 1843 1446 1872 Totum
1461 1848 1582 1882 tergum
1597 1841 1764 1881 occupavit
1779 1848 1874 1882 caput
1889 1841 2038 1871 horrendi
2054 1841 2184 1871 monstri

1333 1892 1489 1933 Gorgonis
1501 1915 1511 1932 ,
1530 1892 1737 1922 circumdedit
1758 1903 1833 1922 vero
1855 1902 1926 1922 eum
1946 1892 2059 1922 cibisis.

1250 1964 1303 1997 Sic
1316 1963 1403 1997 dicta
1423 1963 1555 2000 nibisis,
1573 1962 1719 2004 quodibi
1743 1962 1924 1995 condantur
1945 1961 2170 1995 indumentum
2186 1964 2217 1994 et
2233 1961 2274 1994 ci-
2311 1955 2314 1959 ’

1248 2033 1337 2075 bus.]
1355 2035 1514 2066 Praeterea
1535 2033 1610 2066 Orci
1631 2033 1754 2074 galcam
1763 2031 1935 2064 habebant.
1948 2033 1962 2053 ⁷
1978 2031 2150 2064 Restitutis
2169 2031 2278 2072 itaque
2307 2031 2310 2036 '

1249 2096 1464 2130 Phorcidibus
1479 2095 1575 2129 dente
1591 2097 1624 2128 et
1639 2096 1734 2134 oculo
1749 2095 1838 2137 quod
1850 2095 1939 2127 viam
1957 2095 2214 2133 monstrassent,
2236 2093 2277 2127 ad
2302 2111 2305 2114 <

1249 2161 1414 2203 Nymphas
1427 2159 1591 2202 pervenit,
1601 2167 1621 2191 a
1630 2158 1750 2200 quibus
1766 2167 1841 2200 quae
1852 2157 2004 2200 cupiebat
2012 2157 2148 2200 adeptus
2163 2157 2276 2190 cibisin
2302 2162 2306 2163 ⁷

1249 2224 1393 2257 humeris
1416 2223 1632 2264 circumjecit,
1647 2231 1686 2255 ac
1711 2222 1849 2264 pedibus
1866 2222 1978 2255 talaria
2002 2221 2276 2261 accommodavit,
2300 2212 2303 2214 ¹

1249 2288 1372 2329 galeam
1387 2287 1525 2328 denique
1540 2286 1638 2328 capiti
1661 2286 1828 2328 imposuit.
1853 2287 1926 2324 Qua
1941 2287 2047 2318 tectus
2063 2291 2277 2327 quoscunque

1248 2353 1355 2393 vellet,
1370 2352 1440 2384 aliis
1453 2352 1522 2393 ipse
1535 2361 1600 2384 non
1613 2352 1716 2392 visus,
1735 2351 1876 2384 videbat.
1887 2354 1900 2372 Β
1911 2350 2035 2384 Deinde
2049 2356 2153 2392 quum
2167 2360 2187 2384 a
2197 2352 2276 2384 Mer·
2300 2343 2302 2345 ’

1249 2416 1339 2448 curio
1357 2416 1455 2448 etiam
1471 2415 1709 2448 adamantinam
1723 2415 1845 2457 harpen
1858 2414 2046 2456 accepisset,
2059 2413 2100 2446 ad
2112 2416 2275 2447 Oceanum

1249 2478 1422 2518 devolavit,
1441 2477 1496 2510 ubi
1511 2479 1677 2518 Gorgones
1699 2477 1896 2509 dormientes
1909 2477 2126 2518 deprehendit.
2144 2480 2160 2499 θ
2177 2478 2277 2509 Erant
2295 2486 2298 2487 ⁷

1248 2552 1325 2576 vero
1339 2543 1389 2575 hae
1406 2553 1413 2572 :
1431 2542 1570 2581 Stheno,
1587 2541 1744 2582 Euryale,
1761 2541 1907 2573 Medusa.
1929 2541 2001 2573 Sola
2014 2550 2126 2573 earum
2141 2540 2276 2573 Medusa
2294 2567 2295 2575 1

1248 2607 1395 2639 mortalis
1413 2608 1492 2639 erat.
1514 2607 1562 2639 Ad
1587 2606 1684 2647 hujus
1707 2606 1817 2647 itaque
1843 2605 1940 2647 caput
1962 2605 2193 2646 reportandum
2214 2604 2276 2638 suit
2294 2634 2295 2639 ,

1248 2671 1398 2703 emissus.
1416 2675 1443 2694 ¹⁰
1451 2670 1622 2703 Habebant
1635 2678 1713 2703 vero
1730 2670 1896 2710 Gorgones
1909 2669 2014 2710 capita
2026 2675 2293 2710 squamosorum⁴

1247 2743 1402 2782 anguium
1423 2741 1520 2782 spiris
1545 2739 1765 2778 circumdata,
1788 2746 1923 2779 magnos
1947 2737 2061 2770 dentes
2083 2737 2169 2770 sicut
2183 2723 2295 2780 apro-12¹

1247 2819 1340 2850 rum,
1359 2810 1401 2842 ad
1419 2809 1490 2842 haec
1505 2817 1622 2841 manus
1645 2816 1747 2840 aereas
1763 2809 1796 2839 et
1814 2807 1882 2839 alas
1903 2815 2036 2846 aureas,
2052 2805 2172 2847 quibus
2187 2791 2295 2855 vom]

1246 2877 1335 2909 bant.
1371 2879 1590 2917 Quoscunque
1618 2878 1726 2908 autem
1761 2875 1801 2907 ad
1830 2883 1866 2908 se
1892 2874 2100 2917 respicientes
2129 2874 2163 2906 in
2194 2874 2298 2912 sauss

1246 2946 1502 2979 commutabant.
1526 2949 1549 2968 ¹¹
1566 2947 1632 2978 Has
1646 2945 1743 2986 igitur
1759 2947 1894 2977 Perseus
1908 2944 2102 2977 dormientes
2128 2926 2291 2989 adortus,

1245 3016 1324 3048 dum
1347 3016 1415 3056 ejus
1434 3024 1550 3047 manus
1569 3015 1715 3047 Minerva
1731 3014 1891 3054 dirigeret,
1909 3022 2042 3046 aversus
2055 3013 2224 3055 oculisque
2237 3013 2280 3058 in-
2319 3045 2320 3048 ,

1245 3095 1366 3119 oereum
1381 3086 1529 3126 clypeum
1550 3084 1682 3124 defixis,
1694 3084 1727 3116 in
1750 3093 1816 3125 quo
1831 3083 1991 3124 Gorgonis
2007 3083 2180 3123 imaginem
2195 3091 2269 3116 con-

1244 3155 1410 3199 spiciebat,
1419 3155 1563 3188 Medusae
1572 3157 1669 3196 caput
1681 3154 1873 3195 amputavit.
1890 3157 1919 3176 ¹²
1932 3155 2005 3192 Quo
2018 3155 2154 3193 resecto,
2173 3155 2268 3196 Pegne

1244 3238 1300 3262 sus
1310 3229 1415 3261 alatus
1431 3236 1470 3260 ex
1489 3227 1639 3266 Gorgone
1650 3223 1813 3265 prosilivit
1833 3225 1866 3255 et
1880 3224 2041 3264 Chrysaor
2049 3223 2140 3264 pater
2150 3213 2285 3264 Geryo?
2318 3262 2320 3270 γ

1242 3301 1310 3340 nis;
1331 3299 1392 3331 hos
1407 3307 1425 3330 e
1436 3298 1584 3338 Neptuno
1593 3295 1785 3336 procreavit.
1801 3297 1844 3335 (3)
1857 3295 1958 3337 Igitur
1970 3297 2118 3336 Perseus,
2130 3294 2273 3337 reposit&
2316 3310 2320 3346 ,²

1241 3370 1273 3402 in
1294 3377 1403 3411 peram
1420 3366 1522 3408 capite
1535 3365 1699 3407 Medusae,
1711 3365 1853 3398 recessit.
1872 3367 1912 3397 At
1934 3367 2102 3406 Gorgones
2116 3373 2135 3397 e
2151 3364 2274 3397 80an
