2320 3684
507 359 1873 520 PHANODEMI

824 651 1559 737 FRAGMENTA.

1091 844 1280 861 ⁴000-—

479 968 830 1019 ATTHIDIS.

424 1064 590 1104 LIBRI
615 1063 887 1105 SECUNDI.

195 1197 334 1236 Athen.
353 1200 423 1244 IX,
448 1211 463 1234 1
475 1211 508 1245 1,
532 1211 571 1248 p.
594 1199 748 1248 392‚D.·
767 1197 856 1252 Περὶ
876 1196 912 1236 δὲ
928 1198 990 1244 τῆς
1008 1195 1176 1248 γενέσεως

144 1257 258 1294 αὐτῶν
280 1253 461 1310 (ὀρτύγων)
483 1255 696 1307 Φανόδημος
714 1257 749 1295 ἐν
771 1255 919 1310 δευτέρῳ
939 1255 1089 1298 Ἀτθίδος
1105 1270 1173 1308 φη-

144 1314 214 1363 σὶν,
231 1316 278 1358 ὡς
297 1315 454 1353 κατεῖδεν
480 1314 701 1368 Ἐρυσίχθων
727 1316 843 1362 Δῆλον
869 1314 932 1362 τὴν
961 1317 1082 1362 νῆσον,
1110 1313 1174 1360 τὴν

145 1372 212 1411 ὑπὸ
228 1375 297 1411 τῶν
325 1372 482 1426 ἀρχαίων
511 1372 732 1424 καλουμένην
757 1372 959 1427 Ὀρτυγίαν,
993 1370 1091 1426 παρὰ
1116 1370 1178 1414 τὰς

147 1430 275 1482 ἀγέλας
295 1433 365 1469 τῶν
387 1429 484 1485 ζῴων
505 1431 636 1470 τούτων
658 1433 849 1485 φερομένας
868 1433 908 1470 ἐκ
926 1435 987 1470 τοῦ
1006 1433 1179 1482 πελάγους

144 1489 272 1535 ἱζάνειν
289 1491 336 1533 εἷς
354 1489 417 1536 τὴν
434 1492 554 1538 νῆσον,
570 1490 626 1528 διὰ
645 1489 684 1528 τὸ
700 1490 844 1543 εὔορμον
864 1483 963 1528 εἶναι.

200 1548 435 1599 Recipienda
449 1561 530 1586 esse
549 1549 704 1586 videtur
721 1548 940 1587 Casauboni
959 1548 1180 1599 conjectura

147 1612 307 1659 κατεῖχεν
326 1621 398 1658 pro
430 1607 610 1652 κατεῖδεν;
639 1608 686 1645 cf.
722 1611 832 1646 Paus.
847 1611 879 1654 Ι,
904 1609 949 1644 18
976 1615 1015 1645 et
1045 1609 1106 1644 31.
1135 1611 1181 1645 In

147 1666 383 1704 Phanodemi
417 1665 546 1704 verbis
577 1666 683 1704 deest
726 1667 830 1705 haud
861 1666 978 1705 dubie
1015 1666 1160 1718 aliquid
1171 1695 1181 1715 ,

148 1725 253 1775 quod
277 1724 324 1763 ad
337 1725 579 1763 coturnicum
597 1726 883 1777 generationem
897 1734 1053 1777 spectet.

564 1794 782 1809 NJ..-

465 1837 607 1876 LIBRI
658 1837 864 1885 QUARTI.

656 1906 692 1943 2.

204 1968 333 2006 schol.
349 1968 547 2019 Aristoph.
569 1972 640 2007 Av.
667 1970 763 2017 873:
780 1970 944 2014 Κολαινὶς
1043 1972 1127 2025 φησὶ
1148 1971 1184 2010 δὲ

152 2025 359 2070 Ἑλλάνικος
373 2057 384 2076 ,
414 2026 586 2065 Κόλαινον
605 2027 747 2082 ’Ἐρμου
768 2028 937 2081 ἀπόγονον
958 2031 998 2068 ἐκ
1022 2030 1185 2081 μαντείου

151 2084 242 2137 ἱερὸν
263 2086 370 2131 αὐτῆς
387 2084 593 2138 ἱδρύσασθαι
611 2087 828 2136 Κολαινίδος,
847 2088 907 2126 καὶ
917 2087 1131 2141 Φανόδημος
1149 2092 1184 2128 ἐν

152 2145 196 2195 τῇ
215 2142 379 2197 τετάρτῃ.

492 2268 631 2308 LIBRI
659 2269 852 2317 QUINTI.

657 2334 680 2371 3

210 2396 348 2434 Suidas
365 2410 374 2433 z
396 2395 584 2450 Παρθένοι.
608 2399 641 2436 Τ
644 2398 682 2458 ἐς
702 2398 899 2452 Ἐρεχθέως
918 2400 1107 2455 θυγατέρας
1126 2401 1190 2440 οὔ-

1228 962 1385 1010 σὸυτάτη
1424 962 1487 1014 μὲν
1522 963 1782 1016 Πρωτογένεια·
1818 963 1960 1018 δευτέρα
1997 963 2033 1003 δὲ
2062 966 2257 1019 Πανδωρα·

1228 1020 1328 1074 τρίτη
1346 1020 1499 1075 Πρόκρις
1510 1037 1519 1045 ·
1538 1021 1687 1075 τετάρτη
1703 1021 1863 1076 Κρέουσα
1875 1038 1883 1047 ·
1901 1022 2047 1074 πέμπτη
2066 1023 2257 1078 Ὠρείθυια·

1231 1078 1316 1126 ἕκτη
1337 1079 1479 1119 Χθονία.
1497 1080 1641 1121 Τούτων
1658 1079 1796 1132 λέγεται
1817 1081 2062 1135 Πρωτογένεια
2080 1082 2140 1121 καὶ
2157 1084 2261 1121 Παν-

1235 1137 1329 1192 δώρα
1346 1139 1465 1176 δοῦναι
1489 1138 1609 1182 ἑαυτὰς
1628 1142 1803 1193 σφαγῆναι
1822 1138 1908 1194 ὑπὲρ
1925 1143 1987 1187 τῆς
2001 1139 2137 1194 χώρας,
2155 1156 2262 1195 στρα-

1234 1202 1308 1239 τιᾶς
1325 1194 1490 1243 ἐλθούσης
1507 1197 1547 1233 ἐκ
1565 1195 1746 1240 Βοιωτίας.
1773 1196 2083 1251 Ἒσφαγιάσθησαν
2103 1197 2140 1237 δὲ
2158 1200 2194 1237 ἓν
2210 1200 2262 1252 τῷ

1234 1253 1412 1307 Ὑακίνθῳ
1426 1253 1634 1307 καλουμένῳ
1650 1253 1754 1307 πάγῳ
1772 1254 1859 1309 ὑπὲρ
1871 1258 1940 1294 τῶν
1953 1256 2182 1309 Σφενδονίων.
2199 1256 2263 1296 Διὸ

1232 1310 1292 1349 καὶ
1311 1310 1419 1355 οὕτως
1444 1313 1634 1350 καλοῦνται
1655 1311 1820 1365 παρθένοι
1837 1313 2070 1363 Ὑακινθίδες,
2105 1314 2264 1368 καθάπερ

1235 1375 1403 1423 μαρτυρεῖ
1420 1369 1634 1421 Φανόδημος
1649 1372 1684 1409 ἐν
1699 1374 1742 1424 τῇ
1759 1370 1904 1425 πέμπτῃ
1923 1372 2067 1423 Ἀτθίδι,
2081 1372 2266 1426 μεμνημέ-

1234 1444 1290 1472 νος
1305 1445 1368 1475 της
1383 1445 1490 1480 τιμης
1510 1445 1634 1468 αυτων.

1288 1488 1431 1526 Eadem
1449 1489 1552 1540 apud
1573 1489 1818 1540 Apostolium
1837 1493 1926 1539 XV,
1956 1491 2019 1535 84.
2039 1491 2267 1530 pearsonius

1235 1546 1335 1584 bene
1352 1548 1505 1598 scripsit
1517 1546 1658 1597 ἐτίμων·
1677 1540 1765 1593 ἦσαν
1777 1562 1810 1585 κ.
1823 1548 1896 1585 τ.λ.
1913 1562 1986 1599 pro
1997 1549 2102 1600 vulg.
2119 1548 2179 1588 κάὶ
2197 1550 2267 1587 ἐτι-

1239 1604 1407 1659 μώρησαν
1438 1603 1475 1642 δὲ
1504 1604 1562 1643 τὸν
1585 1606 1639 1658 ἀρ.
1671 1603 1717 1649 ἕξ.
1744 1606 1996 1644 Commendat
2019 1607 2132 1645 istam
2171 1608 2267 1646 sori-

1238 1671 1392 1714 pturam
1405 1663 1642 1713 Hesychius:
1663 1662 1839 1716 Παρθένοι
1849 1694 1859 1712 ,
1871 1663 1934 1707 τὰς
1949 1662 2145 1717 Ἐρεχθέως
2160 1664 2268 1709 οὕτως

1238 1719 1356 1773 ἔλεγον
1373 1721 1433 1759 καὶ
1448 1721 1589 1773 ἐτίμων.
1603 1726 1679 1760 Pro
1690 1721 1902 1776 Σφενδονίην
1916 1723 2095 1761 Valcken.
2109 1732 2146 1761 et
2158 1725 2268 1762 Hem-

1239 1781 1353 1818 sterh.
1380 1781 1584 1831 legendum
1605 1790 1762 1819 censent
1784 1781 2028 1834 Σφενδαλέων.
2044 1783 2140 1822 Nam
2152 1783 2269 1835 Σφεν-

1240 1837 1329 1885 δάλη
1350 1838 1458 1890 δῆμος
1482 1838 1768 1884 Ἱπποθοωντίδος
1797 1841 1920 1893 φυλῆς,
1940 1841 2122 1891 Stephan.
2146 1844 2187 1879 B.

1714 1893 1736 1929 3
1766 1906 1799 1930 a.

1294 1945 1419 1983 Natal.
1453 1947 1558 1983 Com.
1591 1945 1755 1995 Mythol.
1773 1949 1848 1991 IX,
1877 1958 1936 1993 10,
1959 1959 1998 1996 p.
2028 1947 2106 1996 996
2122 1960 2131 1983 :
2164 1948 2270 1994 Quod

1241 2012 1362 2039 autem
1398 2007 1548 2053 AEgeus,
1573 2006 1777 2041 Pandionis
1798 2004 1925 2053 filius,
1959 2009 2064 2054 patri
2098 2008 2135 2041 in
2161 2018 2270 2055 regno

1241 2066 1470 2106 successerit,
1523 2066 1575 2099 ita
1615 2066 1787 2112 scriptum
1818 2071 1873 2099 est
1901 2076 1926 2099 α
1957 2063 2197 2100 Plzanodemo
2232 2067 2270 2100 in

1244 2118 1334 2155 libro
1362 2124 1486 2168 quinto
1514 2122 1649 2157 Rerum
1695 2125 1898 2158 Atticarum
1916 2135 1928 2157 :
1948 2120 2073 2172 Αἰγεὺς
2108 2124 2127 2160 ὁ
2164 2122 2268 2160 Παν-

1245 2176 1355 2220 δίονος
1371 2177 1444 2221 υἱὸς
1466 2177 1658 2230 βασιλεύων
1683 2178 1835 2224 Ἀθηνῶν
1855 2184 1962 2230 γαμεῖ
1979 2178 2106 2226 Μήταν
2131 2181 2269 2234 πρῶτον

1243 2234 1308 2282 τὴν
1329 2235 1524 2284 Ὁπλῆτος,
1546 2236 1701 2290 δεύτερον
1719 2236 1932 2284 Χαλκιόπην
1955 2236 2176 2291 Ῥηξήνορος.

1298 2298 1397 2332 Num
1413 2309 1506 2334 vero
1528 2296 1607 2333 haec
1627 2297 1768 2334 Natalis
1789 2310 1837 2334 ex
1860 2296 2106 2335 Phanodemo
2122 2297 2270 2348 petive-

1246 2347 1318 2394 rit,
1339 2348 1399 2386 vel
1425 2362 1472 2386 ex
1500 2349 1598 2396 alio,
1620 2350 1687 2399 qui
1705 2349 1997 2388 Phanodemum
2023 2358 2111 2387 ante
2138 2350 2270 2388 oculos

1246 2405 1401 2452 habuit,
1421 2419 1469 2443 an
1493 2407 1757 2444 fraudulenter
1780 2407 1852 2445 sub
1872 2407 2039 2445 auctoris
2057 2407 2179 2446 nostri
2194 2421 2269 2446 no-

156 2469 224 2497 τως
257 2453 374 2507 ἔλεγον
400 2455 460 2493 καὶ
483 2455 625 2507 ἐτίμων.
651 2459 763 2496 Ἦσαν
795 2457 831 2495 δὲ
853 2458 997 2512 ἀριθμὸν
1019 2458 1065 2505 ἕξ.
1091 2462 1190 2515 Πρε-
1249 2464 1351 2502 mine
1366 2465 1607 2514 vendiderit,
1624 2466 1664 2503 in
1681 2466 1807 2504 medio
1829 2466 2138 2517 relinquendum.

471 2602 612 2641 LIBRI
641 2602 874 2642 SECUNDI.

657 2696 690 2729 1.

202 2763 251 2793 De
271 2769 383 2794 earum
407 2761 675 2804 (coturnicum)
696 2766 768 2796 ortu
796 2766 1023 2800 Phanodemus
1045 2768 1187 2801 secundo

161 2808 244 2840 libro
259 2810 379 2840 Rerum
394 2809 575 2841 Atticarum
593 2810 639 2842 sic
648 2810 760 2843 scribit
779 2822 786 2844 :
809 2825 825 2840 «
837 2815 1014 2854 conspexit
1033 2815 1184 2857 [tenuit?]

163 2855 378 2896 Erysichthon
391 2855 506 2888 Delum
518 2856 669 2896 insulam,
679 2867 754 2899 quae
763 2859 803 2891 ab
814 2860 956 2901 antiquis
968 2863 1111 2902 Ortyqz'a
1132 2871 1187 2894 no-

162 2903 286 2934 minata
301 2904 350 2934 est
365 2911 402 2935 ex
423 2911 479 2943 ee,
499 2903 586 2943 quod
605 2913 715 2945 greges
734 2906 849 2938 harum
865 2907 974 2939 avium
991 2917 1009 2940 e
1024 2909 1104 2940 mari
1124 2909 1188 2941 huc

163 2949 340 2981 delatarum
358 2949 391 2980 in
410 2950 516 2982 insula
531 2951 720 2994 considunt,
741 2956 778 2986 ut
795 2962 869 2994 quae
886 2954 966 2995 ipsis
984 2955 1188 2988 commodam

164 2996 335 3028 stationem
352 2997 505 3037 praebeat.
522 3010 538 3026 »

547 3073 810 3090 -—-·-—-voe———

486 3126 630 3165 LIBRI
655 3128 865 3175 QUARTI.

664 3208 700 3240 2.

210 3264 363 3298 Colaenis.
385 3267 569 3300 Hellanicus
588 3269 702 3309 tradit,
725 3272 905 3313 Colaenum,
929 3282 949 3305 a
970 3276 1131 3306 Mercurio
1145 3283 1192 3306 or·

169 3312 251 3347 tum,
272 3319 312 3344 ex
334 3313 463 3344 oraculo
485 3315 640 3355 templum
656 3317 767 3350 Dianae
783 3319 956 3353 Golaenidis
977 3321 1190 3363 exstruxisse,

169 3360 202 3390 et
219 3358 446 3391 Phanodemus
465 3360 545 3392 libro
561 3365 686 3402 quarto.

1577 2611 1718 2650 LIBRI
1741 2612 1875 2702 z{QUIN
1879 2612 1942 2651 TI.

1286 2713 1445 2754 Virgines.
1472 2714 1525 2746 Sic
1543 2713 1702 2746 vocabant
1719 2715 1889 2747 Erechthei
1906 2714 2005 2755 filias,
2026 2723 2108 2755 quas
2125 2715 2271 2748 colebant

1245 2759 1308 2791 hoc
1329 2760 1470 2792 nomine.
1503 2762 1603 2793 Erant
1624 2769 1759 2793 numero
1786 2770 1854 2794 sex.
1885 2764 2005 2793 Earum
2031 2764 2108 2794 natu
2130 2762 2272 2794 maxima

1246 2805 1308 2837 suit
1326 2807 1532 2847 Protogenia,
1551 2807 1692 2839 secunda
1707 2808 1870 2848 Pandora,
1887 2808 1981 2840 tertia
1998 2809 2140 2848 Procris,
2158 2811 2272 2850 quarta

1245 2854 1384 2892 Creusa,
1401 2854 1515 2894 quinta
1535 2854 1698 2894 Orithyia,
1715 2857 1806 2887 sexta
1827 2855 2000 2887 Chthonia.
2024 2858 2072 2887 Ex
2088 2855 2140 2888 his
2161 2858 2270 2888 Proto-

1245 2899 1337 2939 genia
1351 2902 1384 2932 et
1399 2901 1545 2932 Pandora
1559 2909 1593 2933 se
1606 2901 1691 2932 ultro
1703 2910 1761 2942 pro
1774 2902 1876 2942 patria
1886 2902 2079 2942 iugulandas
2095 2902 2272 2944 praebuisse

1246 2945 1410 2985 dicuntur,
1430 2955 1531 2987 quum
1546 2947 1703 2979 exercitus
1721 2957 1760 2979 ex
1780 2948 1900 2981 Boeotia
1918 2949 2098 2990 irrupisset.
2124 2950 2272 2981 Mactata

1247 2995 1355 3025 autem
1376 2993 1506 3026 suerunt
1524 2994 1557 3025 in
1577 2994 1657 3026 colle
1669 3017 1678 3034 ‚
1700 2995 1757 3035 qui
1776 2999 1909 3027 vocatur
1932 2995 2153 3036 Hyacinthus,
2175 3003 2271 3037 supra

1247 3039 1469 3080 Sphendonios
1497 3040 1564 3080 (vel
1575 3043 1693 3081 potius
1709 3041 1938 3082 Spliendaleos)
1957 3042 2021 3074 sito
2037 3052 2044 3073 z
2076 3041 2162 3074 unde
2174 3042 2270 3074 etiam

1247 3086 1479 3127 Hyacinthides
1505 3090 1681 3127 vocantur,
1707 3090 1744 3120 ut
1771 3090 1906 3121 testatur
1933 3088 2159 3121 Phanodemus
2187 3087 2271 3120 libro

1248 3133 1361 3174 quinto
1377 3135 1496 3166 Rerum
1511 3135 1708 3175 Atticarum,
1726 3135 1924 3169 mentionem
1941 3135 2062 3169 faciens
2077 3135 2209 3168 honoris
2229 3134 2270 3168 iis
2291 3170 2294 3171 γ

1248 3180 1374 3212 tributi.

1717 3223 1738 3260 3
1769 3237 1802 3261 a.

1291 3275 1430 3315 AEgeus,
1460 3274 1632 3307 Pandionis
1654 3275 1750 3315 filius,
1768 3276 1901 3308 Athenis
1930 3276 2103 3317 imperans,
2133 3275 2268 3317 primam

1250 3329 1385 3374 uxorem
1399 3320 1493 3353 duxit
1508 3323 1639 3361 Metam,
1656 3322 1813 3363 Hopletis,
1830 3323 1962 3356 alteram
1970 3322 2176 3364 Chalciopen,
2187 3321 2268 3355 Rhe·

1251 3376 1391 3401 xenoris.
