2294 3704
125 205 223 233 xmv

933 186 1001 228 DE
1029 184 1388 224 APOLLODORO.

126 281 193 331 qui
225 279 364 317 deinde
403 278 627 316 Thracicam
662 274 851 312 civitatem
890 273 928 309 in
965 272 1140 308 Herculis
1202 271 1358 321 phicum
1377 274 1478 312 idem
1509 288 1589 314 esse
1613 290 1699 315 cum
1718 279 1927 318 Chronicis,
1965 282 2129 320 Nomina
2149 284 2212 323 ina

125 337 310 375 honorem
334 336 555 374 Heracleam
576 332 818 378 nominasset,
838 329 994 380 subjicit
1010 331 1112 367 haec:

209 426 245 458 Ὀ
254 424 473 466 Ἀπολλόδωρός
489 434 579 464 φησιν
591 422 701 458 ταύτην
715 422 770 459 τὴν
787 421 939 462 ἱστορίαν,

209 475 253 513 τῷ
267 473 335 514 περὶ
352 472 467 510 νήσων,
482 470 599 501 πόλεων
612 469 664 499 καὶ
680 468 785 507 δήμων
797 468 828 499 δὲ
843 469 952 509 βιὸ),ίῳ

209 519 354 558 Στέφανος
370 519 387 548 ὁ
403 516 560 552 Βυζάντιος
577 515 612 546 οὐ
628 513 731 555 γράφει
746 515 814 556 περὶ
827 515 954 552 ταύτης,

210 566 273 607 περὶ
293 565 325 595 δὲ
340 563 518 605 Ἡρακλείας
534 562 566 593 δὲ
587 560 692 602 γράφει
711 565 764 599 τῆς
783 562 813 592 ἐν
829 565 875 603 τῷ
891 562 1013 603 Πόντῳ.

175 636 316 669 Verum
339 631 377 667 in
400 630 529 680 aprico
546 637 601 665 est
617 628 734 666 verba
746 628 825 682 περὶ
840 628 955 675 νήσων
971 637 1042 666 etc.
1061 642 1137 665 non

123 691 313 741 pertinere
332 689 379 726 ad
402 687 691 737 Apollodorum,
715 686 780 724 sed
801 687 951 724 titulum
971 700 1051 723 esse
1068 689 1136 723 τῶν

123 749 263 785 ἐθνικῶν
292 747 470 796 Stephani
488 760 510 783 a
525 749 663 783 Tzetza
680 759 811 783 versus
831 759 943 783 causa
960 747 1138 792 effictum,

123 805 383 842 antecedentia
415 812 542 841 autem
576 805 696 854 petita
724 817 804 842 esse
837 818 884 841 ex
908 804 1137 855 Apollodori

121 862 367 900 Bibliotheca.
378 862 489 910 Quod
504 862 668 900 sentiens
679 863 815 900 Galeus
830 863 868 914 (l.
880 863 949 913 l.p.
965 863 1137 912 51)0pus

123 922 238 957 hocce
263 928 408 957 certum
440 933 519 958 esse
551 929 589 957 et
621 921 877 958 indubitatum
913 921 1137 972 Apollodori

122 978 249 1015 soetum
272 978 443 1028 negavit,
464 987 502 1015 et
526 979 565 1015 in
592 979 775 1029 Stephani
797 980 882 1016 loco
905 980 951 1029 (v.
976 977 1137 1030 Ὀρὸίται

123 1037 169 1075 fr.
197 1035 306 1086 116),
328 1036 396 1073 ubi
418 1036 675 1089 Ἀπολλόδωρος
690 1037 769 1091 περὶ
790 1036 1042 1091 Ἀλεξανδρείας
1058 1038 1138 1074 lau-

120 1098 246 1144 datur,
269 1097 493 1135 Atheniensi
514 1108 646 1136 nostro
663 1099 970 1137 substituendum
988 1099 1136 1136 censuit

120 1156 369 1206 Apollonium
393 1157 746 1206 Aphrodisiensem.
777 1159 940 1208 «Atqui,
968 1158 1136 1207 Heynius

119 1214 267 1264 objicit,
288 1223 344 1252 est
356 1215 462 1252 locus
476 1214 674 1253 Strabonis
688 1215 808 1267 (XIV,
827 1230 864 1267 p.
877 1218 967 1266 995,
986 1218 1028 1263 B,
1044 1216 1137 1267 fin.),

119 1271 187 1308 ubi
212 1271 260 1308 de
290 1272 526 1322 Apollodoro
551 1273 645 1310 dicit
671 1288 679 1310 :
700 1276 718 1311 ὁ
749 1273 785 1311 δὲ
800 1274 858 1311 καὶ
889 1277 1135 1330 χωρογραφίαν

119 1327 281 1373 ἐξέδωκεν
298 1330 332 1366 ἐν
350 1332 496 1382 κωμικῷ
517 1328 652 1383 μέτρῳ,
673 1333 745 1378 Γῆς
759 1331 916 1386 περίοδον
932 1335 1134 1388 ἐπιγράψας.

121 1386 314 1424 Habemus
337 1387 398 1424 hic
418 1389 606 1438 expressis
623 1390 751 1427 verbis
773 1391 965 1429 laudatum
982 1396 1138 1444 Apollo-

119 1445 204 1483 dori
236 1446 356 1483 nostri
385 1459 483 1497 opus
515 1448 859 1500 chorographicum
883 1451 954 1498 Γῆς
980 1453 1134 1507 περίοδον

121 1503 370 1552 inscriptum,
407 1504 510 1554 quod
551 1514 673 1543 metro
710 1508 858 1545 comico
871 1538 880 1556 ,
916 1511 1059 1559 pariter
1092 1525 1135 1548 ac

121 1561 467 1612 chronographiam
487 1563 666 1601 ediderat.
685 1582 699 1597 υ
721 1565 819 1602 Huic
839 1567 1035 1606 Strabonis
1051 1570 1136 1606 loco

119 1619 262 1658 addere
286 1621 373 1658 licet
394 1621 488 1659 alios
511 1623 644 1672 viginti
668 1623 745 1660 fere
772 1639 819 1662 ex
834 1626 1045 1676 Stephano,
1067 1628 1135 1666 ubi

118 1677 207 1715 libri
227 1678 341 1715 index
361 1687 417 1716 est
442 1679 557 1716 modo
577 1679 655 1733 περὶ
674 1683 760 1731 γῆς,
785 1683 901 1720 modo
919 1684 1134 1737 περιήγησις.

173 1739 265 1784 Quae
287 1737 414 1773 omnia
431 1738 600 1786 quamvis
615 1739 772 1776 suadere
787 1740 989 1778 videantur
1005 1744 1136 1792 genui-

119 1806 213 1830 num
242 1807 322 1831 esse
347 1794 421 1831 hoc
443 1808 542 1845 opus
562 1796 807 1846 Apollodori,
836 1806 873 1834 et
893 1812 915 1835 a
936 1800 1135 1838 Chronicis

121 1850 312 1888 diversum
324 1879 334 1897 ,
368 1853 579 1890 accuratius
615 1861 740 1891 tamen
773 1868 853 1891 rem
880 1858 1135 1906 perpendenti

119 1909 231 1959 plura
247 1922 328 1947 sese
347 1910 531 1956 offerunt,
545 1924 629 1960 quae
643 1913 845 1961 quominus
862 1927 1134 1966 usquequaque

121 1967 161 2004 in
199 1968 337 2017 Heynii
374 1970 562 2006 sententia
600 1971 882 2020 acquiescamus
911 1973 1135 2023 impediant.

120 2025 291 2062 Primum
310 2026 411 2063 enim
431 2039 600 2076 quaeras,
632 2027 699 2078 qui
718 2028 858 2066 factum
880 2030 946 2077 sit,
975 2040 1017 2068 ut
1040 2035 1135 2083 Scy—

121 2096 230 2120 mnus
250 2084 462 2134 periegesin
482 2085 701 2123 conditurus
716 2087 903 2126 Chronica
913 2091 1135 2139 Apollodori

118 2141 301 2179 imitanda
338 2142 410 2179 sibi
443 2145 710 2194 proposuerit,
735 2159 858 2197 neque
894 2147 987 2185 illud
1021 2163 1133 2202 opus,

119 2201 223 2251 quod
252 2205 289 2238 in
323 2202 457 2239 eodem
483 2203 704 2241 versabatur
726 2215 972 2257 argumento,
994 2209 1032 2245 in
1057 2223 1133 2260 quo

119 2259 203 2309 ipse
222 2259 417 2298 elaborare
434 2260 666 2299 decreverat.
686 2263 835 2301 Deinde
850 2278 940 2302 vero
960 2279 1076 2316 quum
1094 2268 1132 2304 in

118 2317 323 2371 περιηγήσει
343 2320 399 2356 vel
419 2319 458 2356 in
475 2321 538 2370 γῆς
560 2319 708 2373 περιόδῳ
725 2331 811 2359 ante
825 2324 952 2360 omnia
969 2338 1028 2362 res
1044 2339 1133 2376 geo—

117 2377 306 2427 graphicae
319 2377 451 2414 ordine
474 2378 640 2427 quodam
656 2380 864 2417 secundum
885 2382 999 2419 situm
1018 2392 1132 2421 terra-

116 2448 200 2472 rum
224 2435 563 2474 describendarum
583 2440 786 2477 memorari
809 2440 996 2488 debeant,
1020 2444 1131 2493 plane

117 2507 193 2531 non
226 2508 411 2545 assequor
439 2497 631 2545 quomodo
661 2497 735 2534 hoc
764 2500 973 2551 geographi
1003 2502 1132 2539 officio

119 2552 271 2590 functus
297 2553 346 2590 sit
374 2554 642 2603 Apollodorus.
672 2559 767 2593 Nam
795 2558 833 2594 in
866 2559 998 2596 eodem
1033 2560 1132 2598 libro

117 2611 294 2659 secundo,
311 2612 373 2649 cui
390 2613 468 2650 fere
485 2614 613 2651 omnia
630 2614 840 2665 fragmenta
857 2616 945 2654 libri
965 2627 1054 2656 nota
1074 2620 1132 2656 in-

117 2676 258 2707 structa
281 2670 540 2720 assignantur,
563 2679 601 2709 et
615 2673 735 2710 Indiae
753 2674 866 2712 urbes
885 2686 1132 2715 recensentur

117 2734 155 2762 et
173 2727 304 2777 Libyae
325 2736 362 2765 et
390 2729 562 2766 Thraciae
593 2738 631 2767 et
651 2732 768 2768 Italiae
793 2746 863 2769 nec
887 2747 965 2770 non
985 2734 1129 2773 lberiae.

118 2786 250 2834 Itaque
265 2799 381 2834 quum
396 2800 473 2824 uno
496 2787 594 2826 libro
611 2790 780 2827 secundo
794 2792 916 2828 omnis
935 2792 1014 2830 fere
1026 2793 1130 2832 orbis

119 2847 305 2879 terrarum
325 2843 372 2880 ab
402 2845 500 2882 Indo
520 2845 567 2882 ad
593 2847 766 2885 Herculis
793 2861 913 2899 usque
936 2851 1130 2890 columnas

118 2899 390 2948 perlustretur‚
412 2904 541 2940 nescio
569 2905 662 2954 quid
685 2906 808 2944 inesse
838 2910 1008 2957 potuerit
1030 2910 1128 2948 libro

119 2957 258 3006 primo,
278 2960 370 3007 quid
389 2962 559 2999 relictum
578 2964 626 3000 sit
645 2965 902 3015 sequentibus,
919 2970 1129 3017 praesertim

118 3015 148 3052 si
165 3028 251 3051 cum
267 3018 417 3065 Heynio
433 3028 578 3069 septem
593 3021 639 3058 ad
655 3023 854 3062 minimum
871 3025 984 3075 hujus
1000 3028 1127 3077 operis

118 3078 237 3115 libros
266 3079 380 3116 fuisse
410 3082 682 3123 existimaveris
703 3087 767 3138 (3).
806 3091 895 3136 Quae
924 3103 1041 3140 quum
1076 3092 1126 3128 ita

117 3134 211 3182 sint,
231 3149 307 3172 non
325 3150 460 3174 vereor
477 3143 724 3192 contendere,
753 3159 849 3196 opus
871 3147 944 3184 hoc
966 3162 1128 3200 geogra-

159 3249 204 3291 (3)
222 3251 365 3291 Heynius
381 3253 465 3284 enim
481 3255 595 3295 fragm.
622 3259 679 3289 164
697 3259 748 3299 (ex
763 3262 933 3302 Stephano.
952 3266 991 3296 V.
1008 3266 1126 3308 Λίται),

117 3295 264 3336 quamvis
278 3298 463 3331 concederet
479 3309 572 3340 posse
587 3302 619 3333 id
632 3304 672 3334 ad
687 3314 768 3345 opus
783 3309 850 3349 περὶ
867 3313 942 3341 νεῶν
959 3313 1127 3353 pertinere,

117 3341 230 3375 maluit
242 3343 347 3376 tamen
360 3345 399 3377 ad
422 3346 597 3387 periegesin
611 3351 739 3383 reterre.

1199 329 1353 368 urbium
1380 334 1688 385 populorumque
1711 350 1758 374 ex
1781 338 1945 376 secundo
1973 340 2212 390 Periegeseos

1199 386 1299 424 libro
1317 388 1469 428 laudata
1490 391 1668 441 majorem
1698 404 1841 444 partem
1869 405 2042 447 spectant
2069 398 2118 435 ad
2141 413 2211 436 ex-

1200 445 1412 493 peditiones
1426 449 1633 488 Alexandri
1648 454 1790 502 Magni,
1812 468 1908 504 quae,
1925 463 1964 492 ut
1981 457 2110 505 paullo
2125 466 2212 495 ante

1199 504 1323 552 posui,
1336 505 1436 542 libro
1446 509 1613 546 secundo
1625 510 1902 550 Chronicorum
1915 523 2022 550 erant
2038 523 2209 554 narratae.

1199 561 1261 598 Sic
1280 574 1539 603 memorantur
1556 570 1784 618 Gaugamela
1797 570 1857 619 (fr.
1878 572 2107 622 106);antea
2127 587 2208 611 me-

1198 621 1391 659 morandae
1422 633 1530 661 erant
1554 625 1668 663 urbes
1686 627 1734 664 ad
1763 628 1971 678 AEgyptum
1997 639 2033 667 et
2050 631 2211 681 Libyam

1199 680 1430 728 pertinentes
1451 683 1609 733 <Abyllae
1624 685 1671 723 fr.
1692 687 1776 733 106,
1790 689 1908 724 Auses
1923 688 1968 725 fr.
1992 702 2074 738 109,
2087 690 2210 728 Nubae

1199 736 1243 772 sr.
1264 751 1277 773 ι
1290 738 1372 789 14);
1387 742 1578 789 posterius
1594 742 1713 780 Indiae
1731 743 1966 795 aliarumque
1974 747 2074 784 Asiae
2086 761 2210 785 remo·-

1198 794 1306 832 tioris
1336 804 1520 835 terrarum
1542 801 1676 850 populi
1703 801 1939 852 oppidaque,
1961 812 2004 840 ut
2023 805 2148 843 Mardi
2166 806 2206 843 in

1198 854 1408 902 Hyrcania,
1429 857 1578 894 Orbitae
1605 859 1652 901 ὡς
1682 857 1937 912 Ἀπολλόδωρος
1964 861 2110 915 δευτέρῳ
2127 863 2208 915 περὶ

1197 908 1456 964 Ἀλεξανδρείας
1468 944 1478 962 ,
1501 915 1526 952 i.
1555 929 1587 952 e.
1617 916 1684 954 ubi
1715 916 1763 954 de
1790 918 2019 957 Alexandria
2051 921 2129 971 agit
2157 921 2206 960 ab

1196 969 1413 1009 Alexandro
1435 973 1590 1011 condita
1606 973 1665 1025 (fr.
1697 974 1804 1027 116),
1831 977 1950 1014 Oritae
1974 986 2011 1014 et
2030 978 2205 1017 Gedrosii

1196 1027 1257 1077 (fr.
1290 1028 1395 1080 122),
1415 1033 1683 1081 Paropamisus
1704 1033 1764 1084 (fr.
1783 1033 1883 1086 118).
1904 1037 2051 1085 Fragm.
2074 1050 2145 1086 119
2160 1038 2208 1077 de

1197 1085 1317 1134 Hyllis
1337 1095 1375 1124 et
1394 1088 1526 1139 fragm.
1552 1092 1623 1127 113
1644 1091 1690 1128 de
1713 1094 1831 1129 Nasto
1853 1091 1948 1130 urbe
1969 1094 2016 1131 ad
2039 1095 2206 1147 Philippi

1196 1143 1393 1183 historiam
1407 1148 1541 1186 refero.
1557 1151 1654 1187 Laus
1672 1150 1762 1188 urbs
1779 1151 1838 1202 (fr.
1859 1165 1873 1188 1
1885 1152 1946 1203 12)
1960 1161 2046 1203 apte
2060 1166 2206 1193 memo—-

1195 1204 1270 1239 rari
1294 1205 1420 1254 potuit
1438 1205 1505 1243 ubi
1529 1207 1576 1244 de
1593 1209 1746 1246 Thuriis
1761 1210 1924 1248 conditis
1943 1212 2136 1262 agebatur.
2149 1215 2206 1252 Ex

1196 1259 1294 1298 libro
1310 1262 1435 1312 primo
1451 1265 1629 1302 laudatur
1645 1266 1735 1303 urbs
1753 1268 1904 1313 Celtica,
1921 1271 2091 1309 Massiliae
2104 1273 2209 1309 colo-

1195 1319 1277 1366 nia,
1290 1321 1431 1358 scilicet
1446 1336 1492 1359 ex
1511 1324 1574 1360 illa
1591 1326 1719 1375 operis
1735 1334 1865 1375 parte,
1879 1326 1946 1365 ubi
1965 1328 2011 1365 de
2029 1331 2206 1369 Massiliae

1196 1377 1410 1428 originibus
1426 1389 1560 1418 auctor
1576 1383 1767 1432 exposuit,
1789 1385 1897 1422 sicuti
1914 1399 1961 1423 ex
1977 1387 2095 1424 altero
2108 1387 2208 1426 libro

1196 1437 1309 1475 Fabia
1329 1439 1418 1476 urbs
1453 1441 1595 1478 Gallica
1610 1454 1631 1478 a
1643 1442 1760 1479 Fabio
1779 1444 1928 1481 condita
1944 1446 2143 1485 excitatur.
2156 1469 2208 1477 —

1196 1497 1360 1545 Oportet
1379 1497 1496 1547 igitur
1509 1499 1780 1549 Apollodorum
1794 1501 1831 1538 in
1844 1502 2054 1552 Chronicis,
2073 1519 2207 1556 quem-

1195 1553 1402 1592 admodum
1431 1556 1469 1592 in
1500 1557 1676 1594 Historiis
1707 1558 1796 1596 fecit
1823 1560 2059 1611 Hellanicus,
2090 1577 2207 1614 quam

1196 1614 1358 1651 maxime
1380 1616 1591 1666 respexisse
1617 1617 1665 1654 ad
1687 1631 1745 1655 res
1777 1621 2071 1671 geographicas,
2093 1624 2145 1661 ita
2163 1633 2207 1662 ut

1194 1670 1290 1708 liber
1305 1672 1462 1711 inscribi
1480 1683 1609 1724 posset
1623 1676 1778 1728 περίοδος
1791 1679 1873 1729 γῆς,
1890 1689 2003 1730 atque
2020 1684 2205 1731 Scymnus

1195 1741 1281 1765 eum
1309 1738 1501 1781 tamquam
1537 1734 1753 1783 exemplum
1786 1748 1895 1773 suum
1926 1737 1998 1775 sibi
2021 1740 2205 1791 seligeret.

1194 1789 1291 1824 Tum
1305 1788 1423 1838 igitur
1441 1791 1659 1840 Stephanus
1679 1793 1841 1830 eundem
1856 1794 1995 1833 librum
2011 1798 2126 1836 modo
2135 1799 2206 1838 sub

1195 1845 1281 1889 hoc,
1292 1847 1406 1884 modo
1417 1848 1563 1886 subillo
1577 1851 1686 1887 titulo
1705 1851 1904 1892 laudasset.
1914 1855 2024 1902 Quod
2039 1857 2205 1897 siminus

1194 1903 1332 1953 placet,
1356 1905 1449 1943 nihil
1467 1907 1648 1958 refragor,
1668 1909 1760 1958 quin
1774 1917 1915 1948 statuas
1930 1912 2118 1951 Chronica
2133 1929 2203 1952 ex-

1194 1969 1409 2011 cerptorem
1428 1973 1580 2002 nactum
1601 1978 1682 2003 esse
1707 1980 1835 2005 rerum
1851 1971 2204 2021 geographicarum,

1193 2027 1307 2070 atque
1329 2020 1428 2059 hunc
1450 2023 1621 2061 indicare
1643 2025 1808 2063 voluisse
1826 2028 2059 2078 Stephanum
2077 2031 2204 2070 verbis

1193 2092 1309 2130 supra
1325 2081 1467 2130 allatis,
1490 2083 1541 2120 ita
1555 2092 1595 2120 ut
1609 2084 1892 2136 ethnographus
1914 2089 2028 2126 modo
2048 2090 2204 2130 Chroni-

1194 2151 1325 2175 corum
1347 2152 1445 2189 opus
1464 2141 1579 2178 modo
1596 2141 1676 2192 ejus
1695 2144 1888 2194 epitomen
1907 2146 2044 2195 laudet,
2061 2151 2204 2199 pariter

1193 2209 1236 2232 ac
1263 2198 1483 2236 Eustathius
1515 2200 1630 2237 modo
1652 2201 1779 2250 ipsum
1807 2205 2043 2254 Stephanum
2064 2209 2204 2247 excitat

1193 2255 1306 2292 modo
1323 2255 1403 2305 ejus
1422 2266 1684 2307 excerptorem
1697 2263 1747 2306 (v.
1765 2264 2043 2302 Westermann.
2057 2268 2201 2316 praefat.

1192 2313 1239 2351 ad
1254 2315 1433 2364 Stephan.
1454 2329 1490 2366 p.
1512 2315 1612 2367 XV).

1247 2372 1390 2422 Igitur,
1420 2373 1451 2410 si
1482 2373 1742 2412 antecedentia
1769 2385 1872 2414 recte
1902 2378 2120 2430 disputavi,
2142 2396 2202 2422 res

1192 2430 1463 2468 conformanda
1482 2432 1554 2468 erit
1573 2432 1675 2470 hunc
1695 2434 1772 2471 fere
1794 2435 1831 2471 in
1850 2436 2002 2474 modum
2019 2453 2028 2475 :
2045 2441 2203 2491 Scripsit

1191 2489 1444 2539 Apollodorus
1463 2491 1630 2541 pedestri
1654 2493 1823 2530 oratione
1847 2495 1966 2544 majus
1986 2497 2200 2538 Chronico-

1191 2560 1274 2584 rum
1297 2561 1416 2598 opus,
1438 2549 1541 2598 quod
1572 2550 1613 2586 in
1634 2551 1823 2588 exteriore
1846 2552 2095 2593 adornatione
2123 2571 2201 2596 non

1191 2605 1352 2642 multum
1372 2605 1576 2643 differebat
1602 2606 1650 2643 ab
1674 2607 1741 2644 illo
1761 2610 1927 2647 Castoris
1942 2639 1952 2658 ,
1978 2613 2199 2662 Apollodori

1191 2662 1320 2712 paullo
1338 2662 1574 2712 antiquioris.
1589 2667 1634 2701 In
1653 2677 1697 2701 eo
1710 2678 1787 2702 non
1803 2674 1864 2703 tan
1872 2675 1951 2704 tum
1963 2671 2198 2722 Graecorum,

1191 2722 1255 2759 sed
1277 2721 1390 2758 etiam
1419 2721 1670 2759 barbarorum
1691 2723 1884 2762 historiam
1909 2726 1998 2764 inde
2027 2729 2074 2765 ab
2099 2732 2199 2769 anti-

1191 2779 1380 2830 quissimis
1413 2788 1450 2816 et
1482 2780 1540 2816 vel
1567 2781 1859 2820 antediluvianis
1891 2786 2127 2835 temporibus
2150 2803 2199 2826 ex

1190 2837 1323 2874 ordine
1344 2837 1618 2888 chronologico
1641 2840 1831 2889 exposuit.
1862 2844 1915 2879 Ut
1942 2856 2034 2880 vero
2063 2847 2200 2884 Castor

1189 2905 1303 2947 atque
1322 2896 1386 2934 alii
1415 2897 1694 2948 chronographi
1710 2897 1897 2948 majorum
1924 2914 2079 2940 suorum
2099 2917 2196 2955 ope-

1189 2968 1271 2991 rum
1293 2955 1463 2992 fecerunt
1482 2956 1685 2992 summaria
1699 2958 1748 3006 (v,
1769 2960 1810 2994 A.
1825 2958 1900 2995 Mai
1917 2959 1965 2996 ad
1978 2960 2116 2999 Euseb.
2130 2965 2197 3000 Ar-

1189 3027 1286 3050 men.
1302 3026 1338 3062 p.
1359 3011 1434 3063 36),
1444 3013 1615 3050 similiter
1636 3014 1893 3063 Apollodorus
1909 3030 2062 3068 quoque
2077 3020 2197 3058 Chro-

1187 3071 1361 3107 nicorum
1405 3083 1558 3107 suorum
1589 3072 1856 3121 compendium
1890 3075 2039 3124 scripsit
2071 3086 2194 3117 metro

1188 3129 1344 3166 comico.
1370 3129 1411 3166 ln
1427 3142 1491 3175 eo,
1512 3130 1549 3165 in
1565 3129 1797 3180 juventutis,
1826 3140 1866 3168 ut
1888 3134 2057 3182 videtur,
2082 3149 2192 3177 usum

1187 3188 1420 3236 composito,
1445 3200 1466 3223 a
1491 3187 1665 3236 Trojanis
1703 3190 1937 3239 temporibus
1967 3196 2193 3236 narrationis

1187 3247 1334 3283 initium
1356 3246 1497 3296 posuit,
1520 3260 1636 3297 quum
1656 3247 1870 3297 antiquiora
1889 3250 1927 3286 in
1940 3250 2192 3294 barbarorum

1188 3303 1342 3341 historia
1373 3312 1437 3341 aut
1464 3306 1588 3341 minus
1613 3314 1713 3341 certa
1743 3306 1961 3344 viderentur
1982 3312 2191 3353 autminus

1186 3363 1281 3399 scitu
1299 3361 1432 3412 digna3
1452 3363 1490 3399 in
1513 3363 1625 3401 rebus
1645 3365 1787 3402 Graecis
1805 3378 1897 3402 vero
1917 3366 2029 3405 simili
2046 3370 2190 3412 ratione
