2320 3684
769 145 1074 184 THEOPOMPI
1110 146 1445 186 FRAGMENTA.

2092 152 2166 185 305

47 237 139 276 dum
158 237 329 288 putavit:
346 235 436 287 μετὰ
455 234 491 273 δὲ
511 231 783 284 πολιτευομένην
800 231 868 270 ὑπὸ
886 233 956 269 τῶν
977 232 1075 271 Χαλ-
1105 235 1110 294 Ι
1137 231 1170 277 ἐξ
1190 232 1378 279 Ἀθηναίων
1389 231 1549 276 ἐλθόντας
1564 232 1623 271 τὸν
1643 232 1763 288 Ὠρεὸν
1781 234 1943 280 οἰκῆσαι,
1976 235 2068 284 ἧμον
2087 232 2169 272 ὄντα

47 295 180 335 κιδίων.
526 348 529 349 ⁷

523 351 606 390 157.

102 414 230 453 Idem:
248 412 362 466 Βρεὰ,
395 411 515 458 πόλις,
550 412 598 454 εἰς
619 409 662 457 ἣν
689 407 852 447 ἀποικίαν
881 407 1080 446 ἐστείλαντο

48 472 235 521 Ἀθηναῖοι.
271 471 325 510 Τὸ
347 470 479 510 ἐθνικὸν
497 469 567 508 ἔδει
592 468 770 523 Βρεάτης’
787 466 863 506 ἔστι
883 465 919 505 δὲ
937 469 1081 519 Βρεαῖος

47 532 146 586 παρὰ
164 529 371 584 Θεοπόμπῳ
383 561 393 579 ,
411 531 559 582 εἰκοστῷ
578 528 697 583 τρίτῳ.

101 595 162 630 De
178 592 250 629 hac
266 590 363 629 urbe
380 589 534 627 aliunde
560 589 613 626 nil
642 596 792 626 constat
804 617 813 635 ‚
831 586 905 625 nisi
922 586 998 623 huc
1015 599 1079 623 re-

24 647 149 695 §ferre
171 650 266 688 velis
291 648 472 688 strabon.
500 651 583 696 VII,
603 662 642 699 p.
672 653 761 697 491,
786 646 854 684 ubi
882 659 959 683 vox
987 648 1081 681 Bria

48 711 238 750 Thracum
253 709 383 760 lingua
398 707 534 746 urbem
551 707 765 759 significare
782 705 934 744 dicitur.

478 787 666 802 ⁴000*—

402 832 554 871 LIBER
582 831 725 871 XXIV.

103 956 309 1008 Stephan.:
329 954 487 1003 Βαίτιον,
501 894 610 997 π1όξλι8ς
620 951 853 996 Μακεδονίας·
871 950 1086 1002 Θεόπομπος

52 1018 191 1069 εἰκοστῇ
211 1013 373 1069 τετάρτῃ.

528 1079 613 1116 159.

106 1141 215 1179 Idem
230 1155 238 1177 :
256 1138 467 1193 Γαστρωνιά
478 1168 488 1186 ,
509 1136 610 1192 χώρα
624 1135 857 1179 Μακεδονίας·
873 1133 1086 1185 Θεόπομπος

51 1202 192 1253 εἰκοστῇ
209 1198 373 1253 τετάρτῃ.
390 1199 447 1238 Cf.
466 1199 513 1236 fr.
534 1198 623 1247 265,
635 1197 703 1236 ubi
721 1196 854 1236 eadem
871 1195 1088 1246 appellatur

51 1260 287 1314 Γραιστωνία.

526 1322 612 1360 160.

107 1383 236 1422 Idem:
251 1379 381 1436 Ἄρης,
401 1378 567 1434 Ἄρητος,
584 1383 630 1423 ὡς
649 1379 849 1428 Μένδητος,
867 1381 996 1435 χωρίον
1019 1383 1089 1421 Εὖ-

53 1441 170 1485 ὅοίας·
186 1441 399 1493 Θεόπομπος
418 1441 558 1492 εἰκοστῇ
578 1439 726 1493 τετάρτῃ
747 1440 991 1479 Φιλιππικῶν.

536 1502 622 1540 161.

107 1563 216 1602 Idem
235 1578 243 1600 :
261 1562 435 1608 Ὀκωλον,
461 1559 591 1615 χωρίον
617 1559 824 1615 Ἐρετριέων
837 1576 846 1585 ·
873 1561 1090 1614 Θεόπομπος

0 1645 15 1669 ;,
54 1623 287 1662 Φιλιππικῶν
302 1622 449 1674 εἰκοστῷ
466 1619 633 1674 τετάρτῳ.

531 1685 618 1724 162.

109 1746 217 1785 Idem
239 1762 246 1784 :
272 1744 444 1786 Σκάὸαλα
458 1776 468 1794 ,
492 1744 593 1799 χώρα
617 1744 826 1799 Ἐρετριέων
840 1761 848 1769 ·
877 1745 1091 1797 Θεόπομπος

56 1808 201 1860 εἰκοστῷ
218 1804 376 1860 τετάρτῳ
393 1806 638 1846 Φιλιππικῶν.

527 1870 614 1908 163.

108 1936 237 1975 Idem:
271 1935 424 1984 Δύστος,
460 1935 561 1979 πόλις
596 1933 768 1978 Εὓὸοίας·
804 1934 1020 1987 Θεόπομπος
1055 1938 1090 1975 ἓν

58 1995 288 2038 Φιλιππικῶν
314 1993 379 2033 κδ’·
400 1993 642 2041 «Ἀποστήσας
661 1993 696 2032 δὲ
707 1993 787 2039 τοὺς
805 1995 840 2032 ἐν
861 1995 950 2047 αὐτῇ
967 1998 1010 2048 τῇ
1022 2011 1090 2034 πε-

59 2053 186 2108 ριοικίᾳ
205 2056 275 2093 τῶν
295 2053 518 2108 Ἐρετριέων,
544 2053 774 2107 ἐστράτευσεν
799 2053 856 2092 ἐπὶ
881 2053 983 2092 πόλιν
1013 2053 1089 2093 Δύ-

57 2128 150 2152 στον.
163 2131 178 2148 ω

532 2172 618 2210 164.

110 2230 249 2269 Strabo
268 2234 319 2279 X,
338 2244 377 2282 p.
398 2231 487 2279 683,
510 2234 558 2268 B:
578 2228 793 2281 Θεόπομπος
819 2229 855 2268 δέ
873 2245 958 2284 φησι
977 2233 1092 2284 Περι--

57 2287 177 2333 κλέους
194 2288 424 2343 χειρουμένου
443 2288 506 2336 τὴν
532 2288 697 2338 Εὔὸοιαν,
716 2287 796 2333 τοὺς
818 2289 994 2334 Ἱστιαιεῖς
1013 2290 1091 2328 καθ’

57 2347 244 2400 ὁμολογίαν
266 2349 312 2390 εἰς
333 2346 556 2386 Μακεδονίαν
581 2350 818 2397 μεταστῆναι,
844 2348 1035 2401 δισχιλίους
1062 2348 1092 2386 δ’

531 2466 617 2499 157.

99 2518 191 2557 Brea,
207 2517 286 2550 urbs
296 2518 330 2550 in
342 2526 443 2559 quam
458 2518 672 2551 Athenienses
688 2518 847 2551 coloniam
863 2519 990 2551 misere.
1009 2521 1093 2551 Gen-

59 2563 115 2597 tile
131 2564 299 2605 oportebat
313 2573 384 2597 esse
400 2566 542 2605 Breates,
560 2574 675 2599 verum
688 2567 818 2598 Breaeus
834 2565 993 2608 reperitur
1005 2566 1091 2607 apud

60 2611 303 2653 Theopompum
315 2611 399 2644 libro
412 2612 508 2645 tertio
520 2615 553 2645 et
567 2612 736 2645 vicesimo.

512 2693 631 2704 -οοο-

413 2739 565 2778 LIBER
595 2740 739 2781 XXIV.

104 2861 239 2893 Baetium
255 2885 265 2902 ‚
291 2862 370 2894 urbs
398 2811 608 2896 ltiaced0111i5ae8
607 2887 617 2904 ,
648 2867 730 2898 teste
761 2866 971 2909 Theopompo
1006 2866 1090 2898 libro

63 2911 175 2950 quarto
191 2911 223 2941 et
235 2909 404 2951 vigesimo.

536 2967 623 3000 159.

103 3014 286 3055 Gastronia,
301 3017 387 3058 regio
402 3017 601 3052 Macedoniae
612 3020 724 3061 ,cujus
741 3022 890 3054 meminit
911 3024 1092 3065 Theopom-

63 3069 124 3103 pus
136 3062 218 3095 libro
231 3066 347 3105 quarto
363 3067 395 3097 et
416 3065 585 3107 vigesimo.
780 3067 784 3070 ’

533 3120 621 3154 160.

105 3172 194 3210 Ares,
215 3171 332 3211 Aretis,
347 3172 395 3203 uti
412 3172 583 3213 Mendetis,
600 3173 767 3206 castellum
789 3176 934 3215 Euboeae,
959 3177 1092 3208 auctore

64 3216 270 3260 Theopompo
280 3218 531 3260 Philippicorum
542 3220 625 3252 libro
634 3223 751 3262 quarto
761 3224 793 3254 et
804 3222 972 3263 vigesimo.

532 3275 619 3309 161.

105 3323 242 3356 Ocelum
253 3348 262 3363 ‚
280 3324 448 3358 castellum
464 3327 710 3367 Eretriensium,
727 3328 766 3360 de
782 3337 846 3369 quo
862 3328 1091 3370 Theopompus

66 3367 147 3403 libro
161 3373 277 3411 quarto
291 3374 324 3403 ct
341 3372 497 3413 vigesimo
510 3374 775 3415 Philippicorum.

167 3432 362 3463 FRAGMENTA
385 3441 630 3465 msmmconun.

1137 290 1302 344 πρότερον
1321 293 1391 330 τῶν
1411 291 1618 330 Ἱστιαιέων.

1191 367 1206 383 «
1225 353 1354 396 Quum
1378 365 1426 388 ex
1446 352 1531 389 aliis
1564 351 1787 402 fragmentis
1807 359 1976 399 constet,
1993 351 2171 390 Wicher-

1137 408 1215 445 sius
1232 409 1297 455 ait,
1316 410 1614 462 Theopompum
1631 411 1706 448 hoc
1724 410 1825 448 libro
1843 410 1890 449 de
1908 410 2052 449 Euboea
2070 412 2171 463 egis-

1138 482 1178 506 se
1188 499 1198 517 ‚
1218 470 1395 521 suspicor
1407 472 1661 523 fragmentum
1674 473 1794 511 hocce
1807 473 1913 524 apud
1930 473 2170 513 Strabonem,

1137 527 1177 564 in
1197 542 1275 578 quo
1293 539 1444 567 enarrat
1454 531 1616 568 insulam
1635 545 1657 568 a
1676 532 1820 570 Pericle
1832 531 2029 570 subactam
2047 546 2172 583 eoque

1140 587 1275 624 missos
1293 601 1374 625 esse
1391 589 1563 637 colonos,
1583 604 1631 628 ex
1648 590 1785 628 eodem
1805 590 1905 628 libro
1923 604 2004 629 esse
2022 591 2174 629 desum-

1140 652 1233 693 tum,
1251 645 1457 696 urbesque,
1484 661 1646 698 quarum
1672 651 1829 687 nomina
1861 651 1901 688 in
1934 651 2070 689 ceteris
2103 651 2174 689 fra-

1139 704 1302 755 gmentis
1319 715 1542 755 occurrunt,
1554 708 1595 745 in
1612 708 1745 746 eadem
1762 723 1803 747 re
1814 710 2005 748 narranda
2019 724 2039 748 a
2050 711 2175 749 Theo-

1140 777 1288 815 pompo
1309 777 1391 803 esse
1418 774 1658 804 memoratas.
1690 768 1856 806 Pericles
1882 769 2000 819 igitur
2026 769 2067 806 in
2091 772 2174 808 Eu-
2210 798 2214 802 ·

1140 821 1277 869 boeam,
1311 836 1397 873 quae
1423 832 1535 861 antea
1563 824 1635 862 sub
1667 826 1958 865 Atheniensium
1985 835 2175 878 potestate

1141 883 1277 931 fuerat,
1293 892 1428 934 postea
1440 884 1644 933 defecerat,
1661 887 1834 937 veniens,
1853 895 1973 927 totam
1988 901 2072 926 eam
2089 887 2176 926 sub-

1142 942 1234 993 egit,
1265 950 1309 980 ut
1341 943 1459 981 tradit
1474 944 1722 993 Thucydides
1756 948 1788 993 Ι,
1812 959 1824 982 l
1840 952 1907 992 143
1943 946 2175 998 eademque,

1142 1002 1297 1052 opinor,
1324 1003 1455 1040 retulit
1473 1003 1752 1055 Theopompus
1775 1004 1815 1042 in
1839 1005 1946 1052 locis,
1964 1019 2050 1056 quae
2074 1020 2177 1045 nunc

1142 1060 1297 1098 urbium
1332 1070 1478 1099 tantum
1514 1062 1672 1099 nomina
1703 1063 1912 1111 continent,
1944 1064 2050 1114 quod
2083 1066 2177 1103 item

1143 1120 1432 1171 quodammodo
1450 1121 1575 1159 efficio
1586 1135 1634 1158 ex
1646 1122 1726 1172 ejus
1743 1121 1872 1159 verbis
1888 1123 1992 1173 apud
2011 1124 2175 1175 Stepha-

1142 1193 1236 1217 num
1253 1194 1288 1219 ν.
1307 1178 1438 1222 Δύστος
1455 1180 1515 1232 (fr.
1539 1182 1640 1231 163).
1654 1181 1782 1219 Insula
1798 1181 1955 1219 subacta
1972 1181 2176 1222 Χαλκιδέων

1143 1237 1223 1281 τοὺς
1242 1238 1438 1282 ἱπποὸότας
1452 1238 1678 1290 λεγομένους,
1698 1239 1839 1292 πλούτῳ
1860 1239 1929 1277 καῖ
1950 1239 2030 1292 δόξῃ
2054 1240 2176 1294 διαφέ-

1146 1314 1287 1350 ροντας,
1304 1297 1445 1343 ἐξέὸαλε
1468 1299 1634 1337 Pericles
1647 1329 1656 1347 ,
1677 1308 1720 1336 ut
1737 1299 1891 1350 scripsit
1921 1300 2114 1338 Plutarch.
2139 1301 2180 1338 in

1143 1358 1230 1396 Vita
1246 1373 1278 1396 c.
1294 1361 1356 1406 23,
1366 1358 1473 1410 cujus
1487 1359 1646 1396 fortasse
1658 1360 1713 1396 rei
1729 1359 1847 1397 Chius
1858 1360 2047 1408 meminit,
2061 1373 2179 1410 quum

1145 1418 1193 1455 de
1213 1418 1518 1456 Chalcidensium
1537 1417 1634 1456 urbe
1652 1422 1793 1456 Assera
1818 1417 1967 1469 agebat,
1984 1419 2181 1457 Histiaeen-

1145 1489 1205 1514 ses
1222 1484 1350 1514 autem
1380 1476 1488 1514 sedes
1518 1477 1736 1527 relinquere
1767 1477 1884 1527 inque
1916 1477 2181 1515 Macedoniam

1146 1535 1335 1587 (Fortasse
1367 1535 1407 1573 in
1440 1535 1554 1574 urbes
1586 1537 1745 1573 Baetium
1765 1544 1803 1573 et
1831 1537 2076 1574 Gastroniam
2107 1537 2181 1574 hoc

1145 1593 1246 1632 libro
1273 1608 1296 1632 a
1317 1595 1576 1646 Theopompo
1606 1595 1849 1646 memoratas)
1877 1596 2040 1647 migrare
2053 1596 2181 1646 jussit,

1145 1662 1189 1691 ut
1221 1662 1362 1704 praeter
1389 1654 1688 1705 Theopompum
1714 1655 1831 1692 tradit
1858 1655 2104 1704 Thucydides
2125 1664 2181 1704 et,

1146 1721 1235 1764 post
1253 1726 1331 1761 eos,
1361 1713 1558 1751 Diodorus
1580 1717 1671 1762 XII,
1697 1728 1747 1752 2¹).
1771 1722 1809 1752 et
1835 1715 2060 1753 Plutarchus
2086 1716 2109 1753 l.
2129 1716 2181 1753 l.»

1145 1776 1204 1811 De
1219 1786 1382 1811 numero
1401 1773 1705 1820 Atheniensium,
1718 1774 1784 1824 qui
1797 1776 1942 1811 Oreum
1956 1774 2181 1825 migrarunt,

1146 1845 1168 1869 a
1184 1840 1317 1869 nostro
1335 1831 1527 1883 discrepat
1545 1832 1708 1869 Diodor.
1727 1836 1810 1881 XV,
1831 1835 1891 1870 30.
1910 1837 1968 1870 De
1986 1837 2089 1871 Oreo
2108 1847 2181 1871 an-

1149 1900 1207 1929 tea
1240 1891 1398 1928 Histiaea
1432 1891 1630 1928 nominata
1662 1891 1708 1928 cf.
1745 1891 1871 1929 Schol.
1901 1892 2076 1942 Thucyd.
2101 1893 2125 1930 l.
2144 1893 2182 1938 1.,

1146 1949 1286 1988 Strabo
1305 1950 1330 1987 l.
1354 1950 1392 1997 l.‚
1411 1950 1594 2001 Stephan.
1616 1953 1703 2000 Byz.
1725 1964 1752 1988 5.
1773 1965 1808 1989 v.
1831 1949 1981 1988 Ἱστίαια
2008 1950 2091 2002 (ubi
2110 1965 2182 2002 pro

1146 2007 1313 2062 Ὦρωπός
1329 2009 1402 2060 leg.
1422 2007 1571 2062 Ὀρεός),
1591 2012 1752 2046 Pausan.
1772 2013 1860 2058 VII,
1880 2024 1913 2057 7.

1625 2071 1710 2110 165.

1201 2125 1441 2175 Stephanus:
1469 2122 1650 2176 Ἄσσηρα,
1679 2123 1886 2178 οὐδετέρως,
1917 2123 2017 2167 πόλις
2044 2126 2182 2164 Χαλκι-

1148 2182 1247 2222 δέων.
1271 2182 1483 2234 Θεόπομπος
1501 2185 1640 2235 εἰκοστῇ
1655 2183 1817 2236 τετάρτῃ.

1627 2238 1640 2274 1
1651 2237 1714 2273 66.

1154 2299 1157 2301 ’
1202 2290 1440 2341 Stephanus:
1462 2288 1651 2340 Ἀσσησός,
1671 2288 1772 2333 πόλις
1791 2289 1968 2337 Μιλησίας
1985 2292 2059 2340 γ’ἧς.
2089 2288 2184 2328 Θεό..

1147 2363 1287 2399 πομπος
1318 2349 1549 2387 Φιλιππικῶν
1588 2350 1728 2401 εἰκοστῇ
1768 2348 1930 2402 τετάρτῃ.
1967 2366 1981 2382 κ
1994 2349 2183 2387 Particula

1620 2467 1708 2501 162.

1192 2519 1343 2559 Scabala,
1363 2519 1449 2560 regio
1465 2519 1701 2553 Eretriensium
1737 2520 1966 2561 Theopompus
1988 2519 2179 2561 Philippico-

1149 2576 1223 2599 rum
1235 2569 1351 2610 quarto
1370 2568 1403 2599 et
1419 2566 1586 2599 vicesimo.

1190 2675 1325 2715 Dystus,
1342 2672 1421 2704 urbs
1437 2672 1582 2704 Euboeae.
1606 2672 1835 2713 Theopompus
1857 2672 1975 2703 Rerum
1992 2669 2180 2710 Philippica·

1149 2730 1223 2753 rum
1238 2720 1323 2752 libro
1345 2722 1461 2761 quarto
1485 2722 1518 2752 et
1533 2719 1689 2751 vicesimo
1707 2729 1714 2750 ε
1734 2732 1749 2746 «
1767 2718 1965 2758 Relinquens
1989 2718 2097 2749 autem
2122 2726 2179 2750 eos

1149 2767 1205 2808 qui
1226 2767 1260 2799 in
1284 2766 1406 2798 vicinia
1434 2765 1664 2798 Eretriensium
1691 2765 1859 2803 habitant,
1883 2763 2061 2796 exercitum
2085 2763 2180 2797 duxit

1151 2817 1264 2847 contra
1275 2816 1424 2855 Dystum.
1445 2825 1460 2841 »

1622 2871 1709 2903 164.

1191 2925 1419 2965 Theopompus
1434 2923 1558 2961 scribit,
1573 2922 1699 2954 Euboea
1715 2930 1734 2952 a
1752 2921 1873 2953 Pericle
1886 2920 2033 2960 subacta,
2051 2921 2177 2954 Histiae-

1149 2981 1244 3004 enses
1259 2981 1300 3003 ex
1315 2973 1409 3012 paeto
1428 2971 1461 3002 in
1482 2969 1704 3002 Macedoniam
1718 2968 1964 3008 commigrasse,
1981 2967 2047 3000 duo
2070 2970 2178 3000 autem

1150 3018 1394 3051 Atheniensium
1409 3017 1511 3048 millia
1526 3019 1646 3048 Oreum
1659 3016 1691 3047 in
1706 3015 1866 3047 coloniam
1879 3014 1989 3054 ivisse,
2003 3023 2077 3056 quae
2090 3015 2178 3047 curia

1149 3065 1352 3097 Histiaeensis
1368 3063 1484 3109 suerat.

1190 3170 1309 3201 Assera
1324 3192 1332 3208 ,
1356 3176 1470 3208 genere
1500 3115 1743 3205 neutr01,61irbs
1767 3165 2030 3199 Chalcidensium
2047 3189 2055 3205 ,
2087 3166 2178 3206 cnjus

1150 3217 1379 3257 Theopompus
1395 3215 1476 3247 libro
1494 3216 1609 3255 quaito
1625 3214 1784 3255 vigesimo
1797 3213 1945 3246 meminit

1622 3270 1631 3305 1
1697 3299 1706 3307 .

1190 3330 1345 3367 Assesus‚
1367 3327 1523 3368 oppidum
1547 3327 1614 3367 agri
1638 3275 1777 3367 liviiiesii,
1798 3327 1839 3359 de
1862 3335 1927 3368 quo
1950 3327 2177 3367 Theopompus

1150 3375 1230 3408 libro
1245 3379 1360 3416 quarto
1379 3378 1411 3407 et
1429 3374 1583 3415 vigesimo
1603 3374 1854 3416 Philippicorum
1875 3374 2071 3407 mentionem
2087 3373 2176 3407 facit.

2014 3434 2053 3464 20
