2320 3684
172 165 220 197 82
884 157 1208 197 PHERECYDIS
1236 158 1568 199 FRAGMENTA.

173 247 239 295 μοῦ
258 243 400 293 πιόντα,
422 245 708 297 προσαγορεῦσαι·
730 256 832 280 τουτο
863 241 928 288 ἡδυ
950 241 1062 295 ὕδωρ·
1085 243 1103 281 ὃ
1130 247 1189 282 ν’ὔν

173 301 374 340 δείκνυται’
366 301 484 339 ιόντων
504 303 542 339 ἐκ
559 300 681 351 Δύμης
700 301 747 341 εἷς
763 293 885 348 Ἦλιν,
894 299 1109 351 καλούμενον
1127 301 1193 340 υπὸ

173 363 240 399 τῶν
261 362 438 412 ἐγχωρίων
460 358 578 411 βαδὺ”
560 360 663 412 υδωρ.
674 357 732 397 Τὰ
743 358 779 396 δὲ
795 357 884 396 αὐτὰ
901 359 960 396 καὶ
979 360 1193 412 Φερεκύδης,

172 418 232 457 καὶ
252 417 473 470 Κώμαρχος,
493 417 553 455 καὶ
579 415 753 470 Ἴστρος
737 432 773 455 εν
801 422 873 460 τοῖς
894 416 1076 462 Ἦλιακοῖς
1094 420 1194 457 ἴστο-

175 481 284 531 ροῦσι.
305 476 377 515 Και
396 477 452 514 διὰ
471 491 574 514 τουτο
591 475 738 529 θεωρους
760 475 839 519 τους
857 477 1093 521 Μολιονίδας’
1085 476 1195 522 ιόντας

173 537 220 578 εἷς
246 534 415 588 Κόρινθον
443 533 647 586 λοχήσαντα
669 534 727 572 τὸν
744 534 920 607 ‘Hpoodffim
930 535 1009 589 περὶ
1034 536 1196 581 Κλεωνὰς

173 595 395 631 ἀποκτεῖναι·
415 591 490 630 ὅθεν
510 592 700 635 'melote’
681 591 867 644 απώμοτον
887 592 1034 632 εἶναιτὰ
1052 593 1196 646 Ἴσθμια

174 651 418 702 ἀγωνίζεσθαι,
441 649 494 689 ὅτι
520 650 666 704 θεωρους
684 650 904 705 πεμφθέντας
920 654 967 696 εἷς
981 652 1038 691 τὸν
1056 653 1195 704 Ἰσθμὸν

171 725 248 752 τους
257 709 467 753 Μολιονίδας
481 709 567 748 ἑλὼν
581 709 784 762 ιεΗρακλῆς
771 709 838 749 υπὸ
853 711 1044 763 Κορινθίων
1058 711 1194 764 ἐδέχθη.

173 772 246 806 Pro
262 768 500 822 Βουπράσιδος
514 769 694 808 Siebcnk.
710 769 826 808 habet
851 769 1196 822 Βουὸασίδης,(χυοᾶ

171 827 210 863 in
246 825 469 879 Βουπρασίας
510 827 737 865 mutandum
767 836 895 866 censet
940 829 1102 867 Siebelis
1149 830 1196 867 ad

170 885 310 923 Istrum
329 898 367 936 p.
387 899 447 933 72.
465 884 560 924 Βαδὺ
577 884 669 940 ὕδωρ
684 886 724 924 in
743 885 808 933 ἡδὺ
828 887 1054 925 mutandum
1072 897 1198 926 censet

173 944 360 992 Stnrzius,
390 958 467 981 non
491 945 796 983 animadvertens
826 943 911 998 βαδὺ
947 959 1028 984 esse
1048 947 1198 984 dialecti

172 1003 366 1047 Eleorum,
391 1002 496 1053 quod
519 1004 732 1053 Hesychius
755 1017 909 1054 quoque
934 1005 1131 1043 annotavit
1158 1006 1197 1042 in

173 1061 299 1109 glossa
318 1061 436 1100 hodie
455 1070 640 1113 corrupta
658 1061 824 1110 Βάδηδοι,
839 1064 968 1113 ἠχεῖοι,
981 1062 1006 1099 i.
1024 1076 1071 1110 e.,
1087 1061 1196 1110 Βαδὺ,

173 1118 252 1166 ἡδὺ,
272 1119 417 1159 Ἠλεῖοι.

647 1173 710 1211 37.

225 1227 350 1265 schol.
365 1226 543 1276 Sophocl.
561 1230 782 1276 Argument.
795 1227 996 1264 Trachina
1011 1225 1196 1277 Ἀμάλθεια

170 1287 213 1331 ἠν
236 1284 403 1336 Αἱμονίου
420 1283 589 1357 θυγάτηρ·
607 1284 629 1331 ἣ
650 1284 753 1338 κέρας
773 1288 847 1346 εἶχε
860 1284 1002 1338 ταύρου.
1018 1286 1134 1323 Τουτο
1146 1284 1195 1332 δὲ,

171 1344 218 1385 ὥς
253 1341 455 1396 Φερεκύδης
481 1342 589 1396 φησι,
611 1341 759 1393 δύναμιν
793 1329 868 1395 εἶχε
896 1341 1075 1392 τοιαύτην,
1107 1342 1197 1382 ωστε

174 1400 342 1471 βρωτὸν
323 1418 345 1448 η
363 1401 468 1439 ποτὸν
492 1400 577 1454 ὅπερ
600 1400 640 1439 ἂν
658 1399 793 1445 εὔξαιτό
811 1416 883 1449 τις,
903 1401 1071 1454 παρέχειν
1090 1399 1197 1454 ἄφθο-

170 1458 227 1497 νόν
244 1476 279 1498 τε
299 1460 359 1498 καὶ
378 1459 517 1497 ἄπονον.

223 1518 404 1568 Apollod.
425 1521 475 1563 ll,
507 1531 541 1564 7,
567 1518 611 1555 5:
633 1516 820 1568 Ἀμάλθεια
838 1517 874 1556 δὲ
893 1512 935 1565 ἦν
954 1518 1122 1570 Αἱμονίου
1145 1521 1199 1557 θυ-

169 1575 296 1630 γάτηρ,
319 1575 459 1630 ἣκέρας
478 1570 550 1629 εἶχε
569 1575 710 1629 ταύρου.
733 1579 847 1616 Τοῦτο
868 1576 917 1625 δὲ,
936 1579 981 1620 ὥς
996 1577 1198 1631 Φερεκύδης

170 1634 282 1686 λέγει,
306 1635 493 1687 δύναμιν”
474 1651 548 1688 εχει
565 1633 744 1684 τοιαύτην,
763 1635 854 1674 ὥστε
879 1635 1011 1688 βρωτὸν
1034 1635 1054 1683 ἢ
1077 1637 1197 1686 ποτὸν,

171 1693 255 1747 ὅπερ
272 1693 408 1740 εὔξαιτό
422 1711 473 1740 τις
485 1726 495 1743 ,
508 1694 676 1749 παρέχειν
700 1695 857 1748 ἄφθονον.

222 1801 453 1838 scholiastes
472 1801 626 1839 Pindari
626 1747 800 1852 35)]ῗζωρ.
821 1805 974 1850 V11‚42
990 1803 1197 1870 Tlepolemi

172 1867 328 1896 matrem
351 1861 462 1896 Hom.
490 1859 610 1909 (Iliad.
626 1861 676 1905 B,
698 1860 802 1910 658.)
824 1832 1044 1910 Ast'yochen
1077 1863 1199 1900 nomi-

171 1925 247 1964 nat,
271 1916 431 1960 Ἡσίοδος
453 1916 489 1955 δὲ
510 1917 763 1967 Ἀστυδάμειαν
785 1917 891 1964 αὐτην
913 1933 1009 1969 φησι·
1034 1920 1128 1972 Φερε
1115 1919 1198 1957 ..κύ-

170 1976 230 2022 δης
252 1974 288 2013 δὲ
307 1974 566 2027 Ἀστυγένειαν·
586 1979 628 2023 ἠν
648 1974 711 2067 ξὲΒ
713 1975 897 2020 Φύλαντος
916 1976 1084 2030 θυγάτηρ

221 2081 347 2118 Schol.
370 2082 548 2132 Apollon.
566 2085 603 2128 Ι,
642 2084 764 2119 1213:
785 2083 982 2133 (Hercules
1008 2091 1097 2133 post
1131 2097 1197 2121 oc-

172 2139 290 2176 cisum
316 2139 510 2189 Calydone
530 2141 717 2190 Cyathum
734 2154 896 2191 puerum
914 2155 999 2178 cum
1020 2142 1198 2180 Deianira

172 2211 292 2235 uxore
312 2207 348 2235 ot
368 2199 444 2236 filio
463 2199 577 2249 Hyllo
593 2198 707 2248 venit)
723 2200 770 2241 εἷς
787 2197 850 2245 τὴν
867 2198 1056 2252 Δρυοπίαν.
1133 2201 1198 2251 λῃ-

173 2255 312 2309 στρικὸν
331 2256 367 2294 δὲ
388 2257 427 2295 τὸ
443 2256 537 2300 ἔθνος
555 2288 564 2305 ,
578 2260 726 2311 ὁμοροῦν
743 2255 883 2311 (ὅμορον
903 2258 987 2296 cod.
1011 2259 1111 2309 Par.)
1129 2264 1199 2302 τοῖς

172 2316 381 2363 Μηλιεῦσιν,
400 2317 447 2359 ὡς
461 2315 664 2369 Φερεκύδης
680 2318 715 2354 ἐν
732 2319 775 2369 τῇ
795 2316 897 2370 τρίτῃ
920 2317 1037 2370 φησίν.

169 2426 240 2457 tum
254 2425 373 2464 hausit,
385 2426 428 2457 ita
441 2425 616 2457 allocutum
629 2435 718 2458 esse:
736 2438 752 2454 α
761 2426 883 2459 Dulcis
893 2426 966 2459 haec
976 2435 1103 2468 aqua».
1118 2429 1198 2464 Quae

170 2482 258 2504 nunc
272 2475 470 2504 monstratur
485 2473 534 2512 iis,
563 2473 619 2513 qui
646 2475 750 2514 Dyma
787 2473 1036 2514 proficiscuntur
1050 2476 1083 2505 in
1100 2474 1173 2506 Elin
1188 2498 1197 2514 ‚

170 2520 336 2551 nominata
358 2519 400 2551 ab
426 2519 540 2551 incolis
560 2533 575 2547 «
593 2520 707 2552 dulcis
734 2529 843 2561 aqua.
862 2533 878 2548 »
906 2521 1029 2552 Eadem
1058 2521 1200 2553 referunt

171 2566 373 2608 Pherecydes
391 2589 400 2605 ,
417 2567 617 2599 comarchus
639 2569 669 2598 et
686 2569 767 2598 Ister
786 2567 819 2598 in
835 2567 962 2599 Eliacis.
981 2570 1086 2608 Atque
1116 2568 1200 2599 hanc

171 2614 213 2645 oh
230 2623 297 2646 rem
313 2613 482 2645 Herculem
499 2613 630 2645 structis
662 2613 788 2645 insidiis
814 2614 933 2654 legatos
949 2615 991 2646 ad
1006 2623 1097 2646 sacra
1123 2615 1200 2646 sole-

172 2661 259 2692 mnia
281 2661 398 2693 missos
413 2660 615 2699 MolIOnidas‚
634 2661 826 2693 Corinthum
840 2661 1088 2701 proficiscentes,
1102 2670 1200 2702 prope

172 2709 310 2740 Cleonas
326 2707 534 2740 interfecisse.
548 2709 594 2739 Ea
608 2716 648 2739 ex
664 2716 780 2739 caussa
795 2707 881 2739 Eleis
897 2708 1104 2740 interdictum
1115 2717 1197 2748 esse,

174 2766 213 2787 ne
229 2756 323 2788 ludos
340 2756 493 2788 Isthmios
510 2755 768 2796 frequentarent,
787 2755 908 2787 scilicet
922 2756 1010 2796 quod
1025 2756 1196 2796 Hercules,

174 2813 276 2844 quum
292 2804 412 2844 legatos
429 2804 470 2836 ad
483 2804 578 2836 ludos
595 2803 756 2836 Isthmios
770 2804 889 2836 missos
906 2804 1092 2844 occidisset,
1107 2813 1127 2836 a
1138 2806 1198 2837 Co-

175 2851 303 2883 rinthiis
317 2852 471 2892 exceptus
486 2852 583 2884 esset.

220 2945 384 2976 Amalthea
396 2949 464 2977 erat
478 2944 639 2977 Haemonii
655 2899 730 2985 gila,
745 2954 819 2986 quae
831 2953 932 2977 cornu
948 2944 1086 2976 habebat
1102 2945 1196 2977 tauri.

178 2991 257 3027 1100,
274 2992 309 3021 ut
324 2990 369 3021 ait
384 2991 598 3031 Pherecydes,
612 2999 683 3022 eam
704 2991 842 3024 habebat
857 2991 923 3023 vim
935 3014 944 3030 ,
965 2993 1002 3022 ut
1016 2990 1126 3022 cibum
1147 2991 1196 3022 vel

178 3039 302 3077 potum,
320 3046 417 3077 quem
439 3038 514 3078 quis
532 3037 742 3079 desideraret,
763 3039 888 3080 largum
904 3038 1062 3079 praeberet
1078 3041 1111 3070 et
1128 3038 1198 3070 sine

179 3080 286 3113 labore
302 3084 460 3121 paratum.

633 3133 679 3164 37
710 3137 744 3164 a.

221 3174 394 3214 Tlepolemi
410 3177 546 3208 matrem
563 3177 724 3209 Hesiodus
739 3177 817 3209 dicit
833 3177 1068 3218 Astydamiam‚
1089 3177 1200 3209 Phere-

181 3219 278 3259 cydes
294 3229 370 3251 vero
387 3222 613 3262 Astygeniam‚
605 3233 612 3240 ·
632 3224 693 3255 suit
708 3225 816 3256 autem
835 3224 1002 3265 Phylantis
1014 3223 1090 3256 filia.

660 3273 722 3305 38.

182 3358 206 3391 t
224 3314 365 3353 Dryopes
387 3315 463 3346 sunt
485 3315 622 3355 populus
645 3317 876 3358 praedatorius‚
900 3317 1110 3350 Maliensibus
1131 3317 1200 3349 fini-

198 3366 294 3394 lmus.

1724 253 1785 290 39.

1306 339 1485 387 Antonin.
1525 338 1686 376 Liberal.
1721 354 1752 377 c.
1786 341 1833 376 33
1850 354 1858 376 :
1875 339 2018 392 Ἱστορεῖ
2057 340 2268 394 Φερεκύδης.

1254 394 1357 433 Μετὰ
1377 397 1434 434 τὸν
1452 395 1664 449 Ἡρακλέους
1686 395 1720 441 ἐξ
1745 396 1935 450 ἀνθρώπων
1952 397 2160 450 ἀφανισμὸν,
2194 400 2269 438 Εὖ-

1255 451 1395 507 ρυσθεὺς
1417 452 1581 498 ἐξελάσας
1595 454 1717 499 αὐτοὺς
1735 458 1796 502 τῆς
1815 455 1999 508 πατρίδος,
2022 455 2122 499 αὐτὸς
2147 455 2270 494 §Gaei-

1253 512 1368 550 λευεν·
1396 514 1427 550 οἱ
1455 510 1491 550 δὲ
1511 512 1738 565 Ἡρακλεῖδαι
1766 513 2022 587 καταφυγόντες
2042 513 2128 566 πρὸς
2148 516 2272 565 Δημοκ

1253 571 1373 622 φῶντα
1403 568 1461 607 τὸν
1494 569 1663 622 Θησέως,
1699 571 1841 625 ᾤκησαν
1882 571 1946 619 τὴν
1978 570 2182 625 τετράπολιν
2211 573 2274 619 τῆς

1255 626 1424 674 Ἀττικῆς.
1448 627 1642 680 Εὐρυσθευς
1658 629 1694 667 δὲ
1713 629 1854 693 πέμψας
1874 629 2018 681 ἄγγελον
2046 631 2094 672 εἷς
2111 629 2271 677 Ἀθήνας,

1255 685 1407 737 πόλεμον
1428 685 1612 740 προέλεγεν
1629 693 1699 732 τοῖς
1712 679 1924 736 Ἀ’θηναίοις,
1945 690 1974 726 εἷ
1994 686 2043 739 μὴ
2062 686 2140 731 τους
2157 687 2272 742 Ἦρα·-

1254 744 1392 787 κλείδας
1405 743 1625 788 ἐξελάσωσιν.
1638 747 1684 784 Οἳ
1702 744 1763 797 μὲν
1779 750 1837 784 οὖν
1856 746 2028 793 Ἀθηναῖοι
2047 745 2104 784 τὸν
2120 745 2273 797 πόλεμον

1255 805 1317 840 οὐκ
1336 803 1581 854 ἀπολέγονται,
1600 804 1795 858 Εὖρυσθευς
1814 805 1843 843 δ’
1857 805 2038 844 ἐνέὸαλε’
2010 820 2057 849 εις
2075 805 2139 852 τὴν
2158 805 2274 844 Ἀττι-

1255 859 1334 908 κὴν,
1350 861 1409 899 καὶ
1422 862 1709 915 παραταξάμενος
1726 863 1827 908 αὐτὸς
1851 862 1913 914 μὲν
1925 862 2134 910 ἀποθνήσκει
2157 861 2276 916 μαχό-

1256 934 1374 970 μενος,
1390 923 1412 967 ἡ
1434 919 1470 958 δὲ
1487 920 1619 968 πληθὺς
1637 922 1770 975 ἐτράπη
1800 924 1868 960 τῶν
1886 921 2050 976 Ἀργείων
2063 937 2072 946 ·
2091 920 2222 966 “’Υλλος
2238 921 2275 960 δὲ

1255 978 1314 1016 καὶ
1334 980 1365 1017 οἱ
1383 978 1482 1018 ἄλλοι
1499 979 1723 1034 Ἡρακλεῖδαι
1742 981 1801 1019 καὶ
1818 983 1849 1019 οἳ
1869 980 1930 1019 σὺν
1948 982 2063 1024 αὐτοῖς
2081 978 2276 1019 &moniv-

1255 1052 1312 1080 τος
1336 1037 1540 1092 Εὐρυσθέως
1556 1039 1809 1084 κατοικίζονται
1828 1039 1933 1078 πάλιν
1952 1041 1986 1077 ἐν
2004 1038 2159 1086 Θήὸαις·
2187 1039 2222 1077 ἐν
2239 1037 2277 1076 δὲ

1255 1094 1367 1147 τούτῳ
1380 1094 1438 1132 καὶ
1454 1095 1631 1147 Ἀλκμήνη
1649 1096 1740 1134 κατὰ
1756 1099 1864 1150 γῆρας
1887 1096 2117 1144 ἀποθνήσκει,
2134 1095 2193 1134 καὶ
2211 1097 2277 1134 αὖ-

1254 1152 1318 1200 τὴν
1333 1152 1535 1204 ἐξεκόμισαν
1548 1154 1784 1208 Ἡρακλεῖδαι.
1797 1154 1932 1210 ’ῼκουν
1949 1154 1986 1193 δὲ
1998 1154 2094 1208 παρὰ
2103 1153 2164 1199 τὰς
2175 1153 2279 1193 Ἠλέ-

1256 1227 1362 1264 κτρας
1377 1211 1507 1261 πύλας,
1524 1211 1643 1266 ὅθιπερ
1659 1213 1718 1251 καὶ
1738 1213 1916 1267 Ἡρακλῆς
1934 1215 1969 1252 ἐν
1989 1216 2033 1266 τῇ
2051 1215 2172 1267 ἀγορᾷ.
2194 1212 2279 1257 Ζεὺς

1257 1269 1294 1307 δὲ
1314 1270 1453 1323 Ἑρμῆν
1485 1269 1641 1322 πέμπει,
1669 1271 1819 1310 κελεύων
1854 1271 2053 1323 Ἀλκμήνην
2087 1270 2278 1324 ἐκκλέψαι,

1257 1328 1317 1366 καὶ
1333 1330 1533 1379 ἀπενεγκεῖν
1550 1331 1597 1373 εἷς
1613 1329 1782 1383 μακάρων
1801 1329 1927 1377 νήσους
1938 1359 1948 1377 ,
1970 1330 2030 1368 καὶ
2059 1331 2176 1368 δοῦναι
2188 1329 2279 1369 Ῥα-

1257 1386 1430 1437 δαμάνθυϊ
1444 1393 1593 1438 γυναῖκα
1605 1404 1614 1411 ·
1631 1387 1766 1441 Ἑρμῆς
1785 1387 1821 1426 δὲ
1840 1388 1990 1432 πεισθεὶς
2005 1387 2202 1439 Ἀλκμήνην
2222 1389 2279 1426 ἐκ·

1256 1444 1410 1484 κλέπτει.
1430 1445 1534 1484 Λίθον
1561 1446 1591 1484 δ’
1608 1447 1681 1485 ἀντ’
1699 1448 1805 1494 αὐτῆς
1821 1446 1993 1495 ἐντίθησιν
2011 1449 2058 1491 εἷς
2077 1446 2141 1494 τὴν
2159 1446 2278 1500 σορόν’

1257 1504 1335 1542 οἷδ’
1355 1503 1616 1558 Ἥρακλεῖδαι’
1601 1505 1675 1544 επεὶ
1697 1505 1761 1553 τὴν
1787 1505 1946 1560 λάρνακα
1973 1505 2130 1567 φέροντες
2155 1505 2281 1559 {Gapal-

1256 1578 1368 1611 νοντο,
1397 1563 1657 1602 κατατίθενται·
1681 1563 1741 1602 καὶ
1772 1565 2058 1618 ἀποκαλύψαντες
2083 1568 2180 1618 ευρον
2203 1564 2279 1603 ἀντὶ

1256 1625 1318 1668 τῆς
1338 1621 1535 1673 Αλκμήνης
1548 1622 1655 1671 λίθον,
1673 1622 1731 1661 καὶ
1749 1622 1851 1662 αὐτὸν
1869 1622 2094 1672 ἐξελόντες,’
2074 1638 2225 1671 εστησαν
2243 1624 2279 1662 ἐν

1256 1696 1307 1733 τῳ
1325 1679 1440 1728 σ’ίλσει,
1461 1679 1612 1735 ὅθιπέρ’
1597 1697 1690 1720 εστιν
1707 1681 1747 1720 τὸ
1765 1684 1879 1735 ἡρῳον
1897 1682 1938 1721 τὸ
1953 1685 2015 1729 τῆς
2031 1681 2260 1733 Ἀλκμήνης’
2243 1697 2280 1720 εν

1257 1738 1406 1786 Θήὸαις.

1308 1792 1427 1830 Initio
1450 1790 1573 1836 αὖτοὺς
1605 1794 1667 1839 τῆς
1697 1793 1862 1846 πατρίδος
1889 1807 1937 1831 ex
1963 1793 2278 1832 antecedentibus

1256 1850 1617 1901 subintelligendum
1651 1852 1802 1889 videtur
1835 1850 1913 1894 τοὺς
1939 1850 2189 1904 Ἡρακλείδας,
2221 1852 2279 1890 sin

1258 1909 1382 1947 minus
1395 1937 1405 1955 ‚
1430 1922 1515 1947 cum
1535 1910 1684 1948 Sturzio
1703 1911 1824 1960 legas:
1842 1910 1947 1948 αὐτοῦ
1963 1908 2042 1953 τοὺς
2069 1910 2205 1953 παῖδας.
2232 1913 2278 1948 In

1256 1966 1316 2005 καὶ
1335 1969 1367 2006 οι
1385 1965 1446 2005 συν
1464 1969 1579 2012 αὐτοῖς
1608 1982 1737 2006 vocem
1755 1970 1808 2016 οἱ,
1837 1983 1921 2019 quae
1942 1968 2055 2019 vulgo
2075 1969 2194 2016 deest,
2213 1969 2280 2007 ad-

1257 2026 1338 2063 didi
1366 2040 1413 2063 ex
1449 2027 1591 2064 Stnrzii
1620 2026 1852 2077 conjectura.
1879 2031 2058 2085 Ungerus
2092 2027 2278 2066 Paradox.

1256 2084 1374 2122 Theb
1393 2098 1430 2135 p.
1453 2085 1520 2122 151
1539 2085 1702 2122 malebat
1718 2100 1838 2123 παισιν
1859 2087 1988 2128 αὐτοῖς.
2015 2083 2156 2124 Πόλιν
2178 2094 2278 2124 recte

1258 2151 1456 2180 mutirunt
1491 2144 1530 2180 in
1563 2143 1668 2182 πάλιν
1695 2148 1737 2182 Ρ.
1768 2143 2000 2182 Abreschius
2030 2144 2211 2194 Paraphr.
2241 2153 2278 2182 et

1257 2204 1398 2238 Annot.
1430 2201 1470 2238 in
1496 2202 1617 2252 Epist.
1639 2202 1687 2239 ad
1706 2202 1888 2240 Hebraeos
1907 2216 1944 2253 p.
1965 2205 2011 2250 37
2033 2216 2103 2253 sq.,
2116 2203 2276 2240 Clavier.

1257 2259 1306 2297 ad
1325 2260 1503 2310 Apollod.
1529 2263 1586 2308 ΙΙ,
1613 2275 1650 2312 p.
1673 2260 1763 2308 335,
1782 2270 1820 2298 et
1835 2262 1985 2299 Bastius
2005 2261 2166 2312 Epistol.
2185 2261 2276 2299 Crit.

1258 2331 1295 2369 p.
1321 2319 1406 2356 168.

1739 2443 1799 2476 39.

1300 2521 1500 2562 Eurystheus
1513 2521 1823 2563 Herculisposteros,
1833 2522 1928 2563 ipsoe
1940 2520 2130 2554 mortalibus
2137 2521 2276 2562 sublato,

1258 2568 1361 2608 patria
1376 2568 1508 2609 expulit,
1525 2577 1563 2601 ac
1577 2569 1637 2601 sibi
1647 2577 1781 2609 regnum
1798 2569 1947 2610 sumpsit.
1962 2568 2012 2603 Illi
2024 2568 2063 2600 ad
2076 2568 2277 2609 Demophon-

1259 2616 1323 2646 tem
1339 2614 1453 2646 Thesei
1469 2615 1572 2647 filium
1589 2615 1726 2656 profugi,
1742 2615 1968 2648 habitaverunt
1986 2615 2020 2648 in
2035 2615 2183 2656 tetrapoli
2196 2615 2277 2648 Atti-

1258 2669 1316 2692 cae.
1328 2662 1532 2701 Eurystheus
1551 2663 1656 2694 misso
1672 2662 1815 2694 Athenas
1826 2662 1947 2702 legato,
1970 2662 2091 2694 bellum
2107 2661 2278 2695 denunciat

1259 2706 1523 2743 Atheniensibus,
1548 2708 1581 2738 ni
1598 2707 1782 2739 Heraclidas
1796 2707 1957 2748 expellant
1973 2717 1982 2739 ε
1998 2716 2102 2748 neque
2119 2708 2141 2739 ii
2158 2707 2276 2740 bellum

1258 2753 1446 2784 detrectant.
1463 2755 1547 2794 Ergo
1566 2754 1766 2794 Eurystheus
1782 2753 1816 2785 in
1829 2754 1974 2786 At<icam
1990 2754 2099 2795 copias
2117 2754 2251 2786 adducit
2263 2777 2274 2794 ,

1257 2799 1495 2839 commissoque
1510 2799 1630 2840 praelio,
1649 2800 1732 2831 inter
1747 2800 1954 2840 pugnandum
1977 2799 2096 2832 occidit
2110 2821 2122 2836 ‚
2141 2799 2278 2840 fusaque

1257 2848 1306 2877 est
1319 2846 1509 2886 Argivorum
1524 2846 1707 2878 multitudo.
1723 2847 1837 2887 Hyllus
1860 2849 1893 2879 et
1919 2847 1971 2879 alii
1984 2846 2160 2880 Heraclidae
2174 2848 2207 2879 ct
2221 2847 2277 2888 qui

1257 2901 1331 2924 cum
1347 2893 1410 2924 illis
1422 2895 1512 2925 erant
1525 2894 1599 2934 post
1631 2896 1767 2924 mortem
1791 2894 1963 2934 Eurysthei
1986 2894 2112 2926 Thebas
2127 2893 2274 2926 redeunt.

1257 2939 1389 2972 Interim
1410 2942 1442 2971 et
1457 2940 1609 2972 Alcmena
1621 2940 1713 2971 annis
1728 2941 1874 2972 confecta
1889 2941 1969 2973 obit.
1987 2943 2092 2978 Quam
2114 2949 2215 2980 quum
2231 2940 2274 2972 ei'-

1257 2986 1376 3018 ferrent
1391 2987 1567 3018 Heraclidae
1583 2987 1617 3027 (ii
1632 2987 1673 3018 ad
1689 2987 1832 3018 Electras
1847 2990 1955 3027 portas
1962 2986 2160 3024 habitabant,
2173 2986 2230 3018 ubi
2245 2989 2277 3018 et

1257 3033 1420 3072 Hercules,
1439 3033 1472 3064 in
1488 3034 1583 3074 soro),
1598 3034 1726 3073 Jupiter
1746 3034 1941 3065 Mercurium
1967 3032 2078 3071 mittit,
2097 3041 2171 3064 cum
2191 3041 2277 3064 man-

1257 3080 1332 3111 dato
1344 3082 1381 3111 ut
1394 3080 1579 3112 Alcmenam
1604 3080 1781 3112 sussuretur
1797 3102 1806 3118 ‚
1822 3088 1959 3119 eamque
1974 3079 2006 3110 in
2024 3081 2138 3111 Beatas
2154 3078 2276 3112 insulas

1258 3126 1384 3158 allatam
1399 3127 1641 3158 Rhadamantho
1648 3126 1702 3159 det
1714 3135 1860 3158 uxorem.
1870 3126 1964 3158 Paret
1976 3127 2076 3166 jussis
2085 3125 2273 3166 Mercurius,

1257 3176 1290 3206 et
1305 3174 1376 3205 loco
1392 3173 1554 3206 Alcmenae
1566 3196 1575 3212 ‚
1592 3182 1690 3214 quam
1706 3173 1816 3204 turtim
1835 3173 2024 3212 abstulerat,
2040 3172 2180 3213 lapidem
2198 3172 2276 3204 fere-

1258 3223 1308 3252 tro
1330 3220 1440 3261 injicit.
1465 3220 1642 3252 Heraclidae
1663 3228 1765 3261 quum
1788 3219 1984 3260 sandapilam
2011 3221 2171 3260 gestantes
2193 3218 2276 3251 mole

1259 3270 1478 3309 gravarentur,
1491 3267 1667 3308 depositam
1684 3266 1842 3307 aperiunt,
1856 3269 1888 3298 et
1900 3276 1958 3307 pro
1971 3266 2123 3298 Alcmena
2136 3265 2274 3306 lapidem

1259 3315 1451 3354 inveniunt„
1470 3322 1565 3354 quem
1583 3314 1659 3346 inde
1679 3315 1844 3346 exemtum
1864 3313 1897 3345 in
1919 3313 1994 3345 luco
2013 3313 2250 3345 constituerunt
2263 3334 2274 3351 ‚

1259 3361 1316 3393 ubi
1333 3361 1486 3393 sacellum
1501 3361 1663 3393 Alcmenae
1678 3363 1728 3393 est
1740 3360 1869 3392 Thebis.
