2320 3684
754 118 1080 158 PHERECYDIS
1109 119 1440 160 FRAGMENTA.

33 211 234 265 ἀφαιρεῖται
250 209 294 248 τὰ
315 209 402 284 κρέεα
419 207 563 257 αὐτοὺς,
581 205 703 245 ἑαυτὸν
724 204 762 244 δὲ
781 205 908 244 κτείνει
932 206 1065 258 μαχαί-

33 286 88 325 ρα.
105 269 152 310 Ο
173 269 208 308 δὲ
225 268 356 308 τούτων
370 267 479 322 ἱερεὺς
490 264 700 319 κατορύσσει
720 264 855 303 αὐτὸνζ
842 264 909 303 υπὸ
927 264 986 304 τὸν
1003 266 1065 303 06-

33 329 90 368 δὸν
107 333 168 368 τοῦ
190 331 269 382 νεῷ.
301 327 450 367 Ἑαυτὸν
477 325 514 364 δὲ
541 338 623 376 sqq.
649 325 703 362 ita
726 324 944 362 emendavit
970 327 1065 362 Leo-

32 388 177 439 pardus
194 386 423 439 (Emendatt.
444 399 506 432 20,
519 384 580 435 9):
599 382 703 422 αὐτὸν
725 381 761 422 δὲ
777 382 904 422 κτείνει
920 384 1066 436 Μαχαι-

33 446 129 502 ρεὺς,
145 450 163 486 6
182 446 315 486 τούτων
332 444 441 499 ἱερεὺς
457 443 517 483 καὶ
534 458 654 498 κατορ.
666 466 713 472 —-

87 575 213 609 Tzetz.
237 571 277 609 in
295 569 454 620 Exegesi
477 568 518 606 in
537 568 695 606 Iliadem
719 581 757 619 p.
781 567 844 615 38,
863 566 1067 620 ιιςΠρία-

33 645 98 681 μος
116 632 134 668 6
154 626 397 680 Λαομέδοντος
415 626 476 666 καὶ
496 626 704 674 Λευκίππης
728 625 820 675 υἱὸς,
840 626 932 665 κατὰ
952 628 1067 680 Φερε-

30 687 120 736 κύδη
140 687 198 727 τὸν
219 685 332 758 Σύρον
362 685 552 741 ἱστορικὸν,
576 685 693 738 γήμας
719 684 881 733 Ἑκάόην
910 684 974 732 τὴν
992 685 1066 724 Δύ-

28 762 180 798 μαντος,
197 761 259 784 του
284 743 474 790 Ἠϊονέως,
489 742 641 788 πολλοὺς
661 743 724 795 μὲν
747 759 776 781 υ·
772 741 862 792 .οὺς,
878 742 1013 787 πολλὰς
1029 743 1066 781 δὲ

31 804 254 859 θυγατέρας’
238 803 396 857 εσχήκει.
416 807 489 841 Pro
503 803 563 842 τὸν
578 801 692 857 Σύρον
707 803 911 854 legendum
932 812 989 841 est
1007 802 1065 841 τὸν

31 862 171 918 Αέριον.
190 864 346 903 Addere
374 863 487 901 liceat
517 863 736 902 Sch01.Ms.
760 863 895 913 Eurip.
915 861 1064 901 Hecub.

30 937 69 961 v.
106 925 128 961 3
161 923 266 975 apud
301 922 411 961 Fulv.
452 922 635 961 Ursinum
673 922 713 959 in
733 921 867 972 Virgil
907 922 1065 960 Collect.

33 983 190 1034 Scriptt.
216 982 284 1021 Gr.
299 981 436 1019 illustr.
454 995 492 1033 Ρ.
509 986 614 1026 404:
635 980 677 1019 Ὁ
701 978 865 1033 Πρίαμος
885 982 904 1018 6
920 978 1067 1031 Λαομέ-

33 1041 152 1085 δοντος
170 1046 278 1092 γαμεῖ
293 1038 467 1088 Εκάὸην
472 1038 537 1087 τὴν
556 1039 722 1093 δάμαρτα
739 1038 803 1087 τὴν
825 1038 987 1084 Κισσέως
1004 1043 1066 1078 τοῦ

32 1099 213 1154 Πρωιέως.

502 1157 588 1196 100.

85 1223 259 1262 Eustath.
275 1223 323 1261 ad
336 1226 489 1261 Homer.
509 1223 551 1261 Il.
568 1223 616 1268 Ω,
634 1235 671 1273 p
696 1213 808 1268 1348,
833 1222 902 1258 18:
924 1220 1033 1272 Οἱμὲ
1017 1237 1066 1270 ν,

31 1281 72 1321 τὸ
90 1283 171 1325 Δῖος
189 1281 293 1336 φασὶν
311 1280 451 1335 κύριον
468 1280 500 1318 οἳ
517 1279 577 1329 δὲ,
594 1280 634 1319 τὸ
648 1279 790 1331 ἀγαυός.
811 1281 908 1333 Not&¹
922 1278 959 1318 66
979 1283 1068 1318 εἰναι

32 1340 116 1381 Δίου
136 1339 293 1379 ἐπίθετον
312 1339 353 1378 τὸ
380 1338 520 1391 ἀγαυός.
542 1333 614 1379 5'Hit
639 1338 698 1387 δὲ,
729 1337 887 1392 φασὶν,ε
868 1354 916 1382 ως
936 1339 1068 1393 ἱστορε
1058 1356 1068 1377 ι

31 1398 256 1454 Φερεκύδης,
276 1396 374 1441 νόθος
392 1397 558 1451 Πριάμου
578 1397 649 1442 υἱὸς
668 1400 687 1436 6
705 1399 798 1441 Δῖος.

86 1518 214 1556 Schol.
235 1517 394 1555 Aristid.
426 1519 530 1555 Orat.
562 1529 600 1567 p.
631 1516 719 1566 163,
738 1515 798 1553 ed.
830 1515 1067 1554 FrommeL:

31 1575 101 1616 Διὰ
117 1576 157 1615 τὸ
174 1574 378 1616 Παλλάδιόν
396 1590 483 1630 φησι
501 1574 542 1613 τὸ
562 1573 633 1612 ἀπὸ
648 1572 796 1628 Τροίας·
814 1575 833 1612 6
854 1572 923 1625 γὰρ
939 1573 1068 1626 Δημό-

20 1636 130 1690 ’φιλος
147 1636 231 1687 (leg.
256 1635 411 1673 videtur
434 1633 630 1688 Δημοφῶν)
658 1631 757 1687 παρὰ
787 1632 1022 1684 Διομήδους(
1004 1649 1068 1687 αρ-

31 1693 148 1738 πάσας
176 1695 224 1738 εἷς
250 1692 315 1741 τὴν
336 1691 438 1732 πόλιν
463 1692 606 1744 ἤγαγεν·
627 1690 793 1743 σημαίνει
812 1690 978 1736 Λυσίας’
962 1707 998 1730 εν
1016 1695 1067 1746 τῷ

31 1750 120 1808 ὑπὲρ
139 1752 350 1808 Σωκράτους
367 1751 453 1807 πρὸς
473 1750 708 1805 Πολυκράτην
725 1749 840 1804 λόγῳ·
860 1749 957 1802 λέγοι
974 1750 1043 1789 6’
1025 1767 1066 1790 αν

32 1811 92 1851 καὶ
104 1812 184 1867 περὶ
199 1811 314 1851 ἄλλων
334 1813 474 1850 πολλῶν
496 1809 728 1857 Παλλαδίων,
749 1813 810 1848 τοῦ
836 1823 875 1848 τε
890 1809 1067 1848 καταλυό-

34 1887 136 1924 μενον
155 1871 213 1911 τὸν
229 1870 425 1924 αὐτόχθονα
445 1870 505 1910 καὶ
525 1871 595 1909 τῶν
614 1869 694 1924 περὶ
716 1870 919 1923 αὐτεφυρῶν
938 1869 1068 1907 καλου-

34 1928 200 1982 ‘Avium‘
181 1946 229 1974 ως
253 1928 458 1984 Φερεκύδης
495 1929 555 1967 καὶ
588 1927 764 1981 Ἀντίοχος
789 1930 986 1982 ἱστοροῦσι,
1006 1927 1066 1966 καὶ

31 1990 101 2028 τῶν
133 1987 403 2041 κατηνεγμένων
441 1989 476 2027 ἓν
509 1991 555 2040 τῇ
586 1987 767 2039 Γιγάντων
800 1987 921 2040 μάχῃ,
953 1988 1000 2031 ὣς
1030 1989 1065 2026 ἐν

35 2048 203 2102 ἀγράφοις
219 2051 238 2087 6
258 2047 451 2102 Φυλαρχός
478 2062 576 2102 φησι.
613 2046 803 2086 Παλλάδια
832 2045 868 2084 δὲ
904 2045 1066 2095 ἐκάλουν,

33 2105 123 2145 καθὰ
135 2105 231 2159 λέγει
250 2105 480 2160 Φερεκύδης,
499 2105 543 2145 τὰ
570 2104 771 2158 βαλλόμενα
790 2106 837 2149 εἷς
853 2108 918 2157 γῆν
940 2107 980 2144 ἐκ
1005 2109 1066 2144 τοῦ

16 2165 179 2220 ὀὖρανοῦ
204 2165 415 2218 ἀγάλματα·
435 2164 582 2203 πάλλειν
617 2162 708 2219 γὰρ,
741 2163 849 2218 φησὶ,
866 2163 907 2203 τὸ
925 2164 1066 2217 βάλλειν

33 2221 162 2276 ῧεγον.

86 2286 284 2321 Postrema
309 2283 443 2333 fragm.
464 2295 553 2334 pars
583 2282 675 2320 inde
693 2296 715 2320 a
728 2281 858 2320 verbis
878 2282 1068 2322 Παλλάδια

34 2338 71 2379 66
106 2341 245 2393 legitur
281 2342 395 2380 etiam
425 2341 464 2378 in
491 2344 616 2391 Etym.
648 2344 699 2378 M.
720 2362 772 2370 —·
792 2339 1066 2393 Καταλυόμενον

33 2505 108 2531 nem
121 2498 325 2540 diripientes,
347 2498 430 2530 hanc
445 2498 487 2531 iis
506 2499 649 2539 ademit,
665 2499 776 2540 ipsum
801 2507 878 2531 vero
900 2498 1066 2532 interfecit

33 2546 243 2626 zachaeus,
258 2545 390 2578 illorum
411 2546 574 2587 sacerdos,
591 2547 624 2578 et
643 2545 830 2578 sublimine
845 2545 958 2587 templi
981 2555 1068 2589 sepe-

517 2647 580 2680 99.

11 2730 13 2733 ,
76 2697 248 2739 Priamus,
273 2698 505 2732 Laomedontis
531 2708 551 2731 a
568 2699 731 2741 Leucippe
746 2699 856 2740 filius,
881 2702 1064 2735 secundum

36 2745 249 2787 Pherecydem
266 2746 416 2786 Lerium,
433 2745 643 2786 historicum,
657 2756 696 2779 ex
712 2747 856 2787 Hecuba,
878 2750 1063 2791 Dymantis,

35 2791 163 2832 monci,
181 2801 279 2834 quam
309 2802 446 2826 uxorem
461 2793 611 2834 duxerat,
632 2793 754 2826 multos
778 2793 863 2827 filios
882 2794 1067 2837 multasque

37 2836 280 2881 filiassusoepit.

79 2945 159 2979 Dius
176 2946 298 2979 nothus
314 2946 483 2979 eratfilius
497 2946 627 2979 Priami.

78 3054 192 3089 Dicere
209 3060 320 3099 posset
341 3058 440 3090 etiam
463 3057 503 3090 de
530 3058 601 3090 aliis
623 3057 737 3090 multis
760 3057 930 3098 Palladiis,
950 3058 991 3091 de
1013 3058 1068 3091 illc

39 3103 124 3145 quod
139 3105 338 3137 autochthon
353 3109 472 3138 vocant
485 3107 518 3137 et
535 3105 597 3137 de·
588 3105 640 3146 iis,
664 3114 739 3146 quae
753 3114 772 3137 a
786 3106 886 3146 ponte
900 3106 1068 3139 nominata

40 3152 126 3190 suut,
142 3150 182 3184 de
195 3151 315 3193 quibus
329 3152 529 3194 Pherecydes
545 3154 578 3185 et
593 3153 783 3185 Antiochus.
802 3170 842 3175 ——
858 3153 1001 3186 Palladia
1014 3163 1067 3186 vo-

38 3195 166 3237 cabant,
181 3199 361 3231 secundum
377 3199 609 3240 Pherecydem,
627 3199 799 3231 simulacra
811 3199 852 3232 de
865 3200 968 3232 coelo
960 3210 994 3232 ιιι
1006 3202 1066 3233 ter-

38 3243 264 3323 ffihdelapsa,
280 3251 356 3278 nam
389 3246 526 3287 πάλλειν,
550 3246 669 3288 inquit.
702 3255 761 3287 pro
786 3246 920 3288 βάλλειν,
928 3246 1031 3286 jacer
1033 3254 1062 3281 e,

129 3293 185 3323 ant

75 3339 279 3382 Pherecydes
307 3340 448 3374 Palladia
467 3342 547 3375 dicit
563 3344 736 3376 simulacra
760 3343 883 3385 absque
908 3351 1065 3376 manuum

2097 125 2146 158 95

1118 221 1202 258 sqq.
1218 209 1270 246 ita
1289 207 1514 258 corrigenda
1536 208 1739 246 videntur:
1757 210 1817 246 τοῦ
1834 222 1873 246 τε
1886 205 1979 246 κατὰ
1993 207 2033 248 τὸ
2049 209 2152 262 λεγό-

1119 280 1223 316 μενον
1252 264 1461 319 αὐτόχθονος
1484 267 1559 318 (vel
1591 268 1654 304 τοῦ
1683 264 1902 317 καλουμένου
1929 265 2152 320 αὐτόχθονος)

1117 323 1177 362 καὶ
1205 323 1285 378 περὶ
1313 327 1383 363 τῶν
1408 324 1479 364 ἀπὸ
1508 325 1666 379 γεφυρῶν
1695 323 1936 377 καλουμένων.
1965 326 2155 364 Audacius

1119 383 1222 421 enim
1243 383 1380 421 Lucht.
1411 385 1459 422 ad
1486 384 1690 436 Phylarchi
1721 385 1856 436 fragm.
1876 397 1916 436 p
1946 390 2016 430 141
2056 385 2154 423 scri—

1118 441 1288 480 bendum
1318 451 1455 494 putat:
1474 447 1537 482 τοῧ
1556 459 1596 482 τε
1626 443 1704 483 κατ’
1734 445 1881 498 οὖρανου
1909 443 2076 488 πεσόντος
2109 445 2156 488 εἷς

1119 502 1245 550 Ἀκτὴν
1262 502 1374 556 χθόνα
1392 503 1453 541 καί
1467 519 1543 548 πως
1561 503 1658 559 παρὰ
1670 506 1828 559 γεφυρῶν
1845 503 2074 557 καλουμένου.

1173 565 1299 600 Tzetz.
1332 562 1381 600 ad
1403 564 1597 614 Lycophr.
1625 565 1723 603 355·
1742 563 1947 619 Φερεκύδης
1974 563 2156 603 παλλάδια

1118 619 1214 673 λέγει
1229 619 1275 659 τὰ
1295 620 1549 674 ἀχειροποίητα
1581 621 1822 676 μορφώματα,
1851 622 1910 662 καὶ
1941 628 2012 662 πᾶν
2046 622 2087 662 τὸ
2121 621 2156 668 ἐξ

1121 681 1268 734 οὐρανοῦ
1288 681 1336 723 εἷς
1351 682 1416 731 γῆν
1437 679 1671 732 παλλόμενον.

1175 805 1305 845 schol.
1344 807 1501 843 Homer.
1545 805 1683 854 Odyss.
1713 807 1759 852 T,
1790 806 1887 844 523:
1902 808 1960 859 Τῇ
1992 804 2157 850 Νυκτέως

1122 861 1209 906 Ζεὺς
1234 862 1410 915 μίγνυται.
1427 861 1490 907 Ἐξ
1509 866 1550 909 ἦς
1584 864 1695 909 Ζῆθος
1725 863 1882 914 γίγνεται
1906 864 1966 902 καὶ
1985 864 2155 918 Ἀμφίων.

1120 916 1231 961 Οὗτοι
1246 921 1308 965 τὰς
1321 920 1448 968 Θήὸας
1462 922 1597 959 οἷκουσι
1612 923 1766 975 πρῶτοι,
1786 922 1845 960 καὶ
1870 924 2070 961 καλοῦνται
2078 922 2159 966 Διὸς

1121 996 1241 1035 κουροι
1261 979 1491 1019 Λευκόπολοι.
1508 980 1626 1033 (Bene
1637 983 1891 1018 Buttmannus
1909 980 2139 1020 λευκόπωλοι.
2145 981 2158 1024 l

1121 1042 1236 1092 Γαμεῖ
1253 1039 1290 1078 δὲ
1308 1041 1420 1086 Ζηθος
1433 1038 1496 1091 μὲν
1518 1037 1665 1086 Ἀηδόνα
1680 1038 1745 1086 τὴν
1762 1054 1823 1077 του
1838 1039 2058 1093 Πανδαρέου.
2075 1043 2157 1080 Τῶν

1122 1098 1158 1137 δὲ
1174 1098 1309 1151 γίνεται
1321 1097 1458 1141 Ἴτυλος
1474 1097 1534 1136 καὶ
1554 1093 1657 1145 Νηις.
1678 1096 1815 1136 Ἴτυλον
1836 1096 1873 1135 δὲ
1889 1100 1911 1144 ἠ
1936 1098 2054 1152 μήτηρ
2074 1098 2159 1146 Αη-

1123 1157 1228 1198 δὼν’
1209 1157 1407 1197 αποκτείνει
1427 1156 1484 1195 διὰ
1500 1156 1641 1204 νυκτὸς,
1663 1156 1814 1195 δοκουσα
1831 1159 1920 1194 εἶναι
1938 1156 1997 1195 τὸν
2017 1157 2160 1211 Ἀμφίο-

1093 1219 1177 1261 Ινος
1193 1218 1323 1265 παῖδα,
1349 1217 1504 1264 ζηλοῦσα
1523 1215 1587 1264 τὴν
1614 1219 1676 1254 τού
1705 1213 1960 1269 προειρημένου
1991 1222 2159 1266 γυναῖκα,

1121 1275 1171 1313 ὅτ’
1189 1277 1278 1327 αὐτῇ
1299 1279 1457 1323 (Buttm.
1476 1275 1576 1313 bene
1593 1274 1749 1326 conjicit
1768 1273 1823 1313 ὅτι
1838 1273 1965 1326 ταύτῃ)
1986 1272 2030 1325 μὲ
2032 1290 2050 1312 ν
2069 1278 2159 1321 ἠσαν

1121 1333 1156 1380 ἓξ
1176 1335 1321 1383 παῖδες,
1342 1334 1431 1387 αὐτῇ
1466 1333 1503 1372 δὲ
1535 1332 1607 1372 δύο.
1632 1333 1800 1388 Ἐφορμᾷ
1833 1331 1870 1371 δὲ
1903 1331 2015 1385 ταύτῃ
2036 1334 2054 1370 6
2074 1331 2162 1376 Ζεὺς

1120 1392 1259 1440 ποινήν.
1276 1391 1323 1432 Ἥ
1338 1391 1375 1431 66
1396 1392 1538 1446 εὔχεται
1556 1391 1649 1447 ὅρνις
1664 1391 1848 1444 γενέσθαι,
1868 1391 1928 1430 καὶ
1942 1397 2035 1430 ποιεῖ
2051 1390 2159 1437 αὐτὴν

1121 1455 1140 1491 6
1161 1451 1248 1496 Ζεὺς
1267 1450 1410 1500 ἀηδόνα.
1442 1450 1577 1506 Θρήνει
1605 1450 1642 1490 66
1666 1451 1721 1490 ἀεί
1744 1467 1831 1490 ποτε
1851 1450 1910 1490 τὸν
1931 1449 2088 1499 Ἴτυλον,
2113 1449 2160 1494 ὥς

1121 1527 1208 1566 φησι
1222 1510 1438 1566 Φερεκύδης.

1584 1575 1703 1615 102a.

1176 1635 1303 1673 schol.
1327 1637 1489 1673 Homer.
1524 1634 1573 1672 ad
1593 1634 1728 1685 Odyss.
1756 1635 1802 1682 A,
1827 1634 1937 1672 263:
1961 1632 2158 1707 Amphion

1124 1701 1162 1731 et
1186 1693 1327 1731 Zethus
1346 1693 1498 1731 Thebas
1517 1694 1636 1732 muris
1656 1693 1862 1732 cinxerunt
1882 1690 1939 1730 διὰ
1957 1690 2036 1735 τοὺς
2057 1692 2160 1730 Φλε-

1120 1751 1217 1804 γύας·
1239 1750 1330 1803 μετὰ
1351 1750 1387 1789 66
1401 1750 1464 1798 τὴν
1484 1750 1650 1799 τελευτὴν
1666 1753 1781 1790 αὐτῶν
1796 1750 2009 1805 Εὐρύμαχος
2025 1750 2160 1804 ἥρμοσε

1120 1810 1181 1855 τὰς
1199 1809 1387 1860 Θήὸας,“
1363 1826 1410 1854 ως
1426 1826 1513 1865 φησι
1534 1811 1738 1864 Φερεκύδης
1770 1812 1805 1849 ἐν
1825 1813 1869 1864 τῇ
1908 1810 2049 1863 δεκάτῃ.
2085 1814 2161 1848 Pro

1120 1869 1733 1925 ἥρμοσείεςειιάυιιιεεῑήρήμωπε
1749 1884 1786 1909 v.
1801 1870 1975 1909 Eustath.
1989 1883 2027 1921 p.
2044 1870 2158 1914 1682,
2179 1910 2181 1912 ,

1174 1989 1301 2027 schol
1321 1988 1502 2040 Apollon.
1526 1992 1568 2036 1,
1594 1989 1693 2036 735:
1715 1987 1871 2042 Ἀμφίων
1895 1987 1955 2026 καὶ
1974 1990 2086 2035 Ζηθος
2101 1985 2163 2030 τὰς

1121 2046 1246 2095 Θήὸας
1264 2046 1485 2100 ἐτείχισαν...
1490 2045 1726 2101 ,Φερεκύδης
1744 2045 1780 2085 δὲ
1797 2046 1857 2085 καὶ
1877 2045 1940 2094 τὴν
1956 2046 2070 2085 αἰτίαν
2087 2062 2161 2084 πα-

1122 2106 1290 2160 ραδίδωσι
1308 2122 1371 2154 της
1387 2107 1584 2158 οἷκοδομης·
1604 2104 1692 2144 διότι
1710 2105 1876 2157 Φλεγύας
1894 2105 2121 2157 πολεμίους”
2100 2121 2161 2144 ον-

1120 2182 1182 2209 τας
1205 2166 1416 2205 εὒλαὸουντο
1456 2166 1675 2219 βασιλεύοντι
1695 2165 1846 2219 Κάδμῳ.

1176 2228 1291 2263 «Haec
1311 2226 1444 2263 ultima
1466 2224 1606 2264 v:erba
1623 2225 1740 2276 βασιλ.
1755 2223 1907 2277 Κάδμῳ,
1925 2224 1998 2262 ab
1988 2233 2162 2274 lnterpo-

1122 2284 1244 2322 latore
1263 2284 1438 2335 profecta
1465 2297 1547 2322 esse
1578 2284 1690 2322 docte
1714 2283 1926 2321 arbitratur
1958 2285 2080 2334 Heyn.
2115 2282 2160 2319 ad

1122 2343 1302 2395 Apollod.
1339 2357 1377 2395 p.
1418 2343 1508 2382 583.
1531 2343 1663 2382 Codex
1690 2343 1810 2382 Paris.
1844 2342 1978 2380 habet:
2001 2342 2057 2380 διὰ
2093 2339 2161 2393 γὰρ

1124 2511 1222 2544 opera
1237 2503 1395 2544 confecta,
1411 2505 1443 2535 et
1455 2512 1553 2535 omne
1565 2502 1654 2544 quod
1668 2502 1708 2535 de
1721 2502 1828 2534 coelo
1820 2511 1854 2533 ιιι
1870 2503 1987 2533 terram
1998 2499 2158 2540 dejicitur.

1168 2616 1297 2657 Jupiter
1313 2625 1388 2648 cum
1403 2615 1556 2657 Antiopa,
1573 2614 1687 2656 Nyctei
1699 2614 1776 2654 filia,
1791 2611 1989 2650 concumbit,
2005 2619 2043 2642 ex
2057 2618 2160 2651 eaque

1126 2665 1307 2695 nascuntur
1323 2664 1444 2696 Zethus
1460 2665 1493 2695 et
1503 2662 1677 2704 Amphion,
1695 2661 1879 2693 Thebarum
1891 2658 2087 2697 conditores,
2102 2658 2159 2698 qui

1125 2710 1275 2742 Dioscuri
1289 2710 1465 2752 Leucopoli
1482 2710 1554 2751 (qui
1567 2709 1649 2741 albis
1664 2708 1756 2749 equis
1771 2707 1918 2745 utuntur)
1936 2704 2160 2745 cognominan-

1125 2759 1189 2789 tur.
1205 2759 1323 2790 Zethus
1341 2767 1475 2790 uxorem
1490 2757 1581 2789 ducit
1597 2756 1742 2795 Aedone,
1760 2763 1797 2786 ex
1814 2762 1879 2794 qua
1900 2752 2021 2792 Itylum
2035 2753 2069 2783 et
2089 2752 2160 2784 Nai-

1125 2805 1200 2838 dem
1216 2806 1364 2847 suscipit.
1383 2805 1446 2838 Sed
1467 2805 1587 2845 Itylum
1604 2803 1715 2836 Aedon
1737 2803 1839 2833 mater
1860 2799 2021 2831 interfecit
2038 2801 2159 2841 putans

1125 2867 1200 2891 eum
1213 2858 1315 2891 [ilium
1332 2867 1403 2891 esse
1420 2857 1625 2898 Amphionis,
1648 2857 1741 2896 quus
1758 2853 1853 2885 uxori
1879 2851 2047 2884 invidebat
2067 2853 2160 2893 quod

1125 2906 1172 2938 1111
1186 2915 1262 2946 sex
1279 2906 1342 2947 ipsi
1359 2906 1424 2938 duo
1451 2907 1579 2936 tantum
1606 2903 1661 2934 filii
1681 2903 1800 2934 essent.
1822 2902 1927 2937 Quam
1952 2899 1995 2931 ob
2010 2907 2077 2932 rem
2093 2908 2158 2940 poe-

1124 2962 1200 2985 nam
1226 2954 1255 2986 ei
1292 2953 1429 2985 immisit
1450 2952 1598 2992 Jupiter,
1624 2950 1656 2981 et
1678 2957 1781 2989 quum
1804 2948 1926 2988 peteret
1952 2949 1990 2978 ut
2013 2947 2047 2978 in
2062 2955 2157 2979 avem

1124 3003 1393 3040 commutaretur,
1409 2998 1485 3030 fecit
1500 3006 1571 3030 eam
1588 2995 1770 3035 lusciniam,
1783 3003 1858 3036 quae
1874 2994 2030 3026 continuo
2052 2993 2157 3036 plorat

1124 3049 1258 3089 Itylum,
1274 3050 1311 3080 ut
1329 3049 1375 3079 ait
1390 3045 1603 3085 Pherecydes.

1165 3155 1244 3185 Post
1262 3150 1455 3192 Amphionis
1480 3152 1512 3182 et
1539 3099 1644 3181 Ζέιῗιξ
1656 3103 1796 3181 “ellonem
1822 3146 2050 3189 Eurymachus
2074 3146 2154 3186 (dux

1124 3200 1351 3241 Phlegyarum)
1367 3197 1493 3230 Thebas
1508 3196 1703 3228 devastavit.

1165 3247 1326 3287 Amphion
1343 3247 1375 3277 et
1390 3244 1508 3276 Zethus
1522 3243 1649 3276 Thebas
1674 3243 1779 3275 muris
1794 3242 1977 3282 cinxerunt,
1992 3242 2030 3273 ut
2045 3242 2156 3273 contra

1123 3294 1348 3333 Phlegyarum,
1369 3287 1494 3324 cadmo
1520 3290 1586 3332 regi
1616 3290 1821 3324 infestorum,
1858 3290 2017 3327 impetum
2042 3287 2155 3320 urbem

1123 3340 1298 3372 munirent.
