2320 3684
815 145 1056 186 ACUSILAI
1085 143 1420 184 FRAGMENTA.

114 296 294 349 Apollod.
317 298 385 342 111,
403 294 509 342 ιδῃ,
520 238 675 330 d2el'iete
692 297 730 327 et
741 287 866 327 Calai:
883 285 951 329 Ὦς
968 285 1088 324 Ἀκου-

60 355 180 399 σίλαος
194 354 311 407 λέγει,
329 353 408 408 περὶ
424 355 539 399 Τῆνον
557 348 613 403 ὑφ’
636 345 851 402 Ἡρακλέους
867 343 1060 384 ἀπώλοντο.

116 462 239 501 Schol.
266 460 420 499 Pindar.
441 403 643 508 ΡΥῑὴῗῗΙῙ,
661 454 730 492 25:
749 452 818 491 Διὰ
835 451 870 490 τί
888 449 925 489 δὲ
942 448 1090 505 προῦτί-

63 535 156 573 μησε
174 517 367 572 (Coronis)
386 516 444 555 τὸν
463 514 587 567 Ἴσχυν
619 515 681 551 τοῦ
699 510 935 558 Ἀπόλλωνος,
950 509 1091 561 Ἀγησί-

61 578 146 623 λαός
163 580 249 630 (leg.
260 571 492 625 Ἀκουσίλαός)
514 587 633 628 φησιν,
651 572 698 615 ὥς
710 569 802 610 κατὰ
817 567 892 614 δέος
904 567 1093 622 ὑπεροψίας

62 639 178 691 θνητῷ
194 637 401 690 βουληθεῖσα
421 638 586 671 συνεῖναι.

117 743 243 783 Schol.
265 745 422 780 Homer.
445 739 487 777 Il.
515 684 666 784 Υῗ6ἑο7
691 751 699 773 :
720 734 903 789 Ἀφροδίτη
929 736 1093 787 χρησμοῦ

62 800 286 849 ἐκπεσόντος,
310 798 363 838 ὅτι
387 800 450 844 τῆς
473 798 542 835 τῶν
567 794 777 850 Πριαμιδῶν
799 795 910 847 ἀρχῆς
942 793 1096 831 καταλυ-

62 860 197 909 θείσης,
235 861 267 897 οἱ
301 857 362 896 ἀπ’
379 855 542 908 Ἀγχίσου
562 852 696 908 Τρώων
717 851 995 905 βασιλεύσουσιν,
1014 851 1095 902 Ἀγ-

62 919 148 973 χίσῃ
164 918 232 966 ἤδη
250 913 500 971 παρηκμακότι
514 914 692 959 συνῆλθεν.
711 913 875 950 Τεκοῦσα
891 910 920 948 δ’
940 909 1095 957 Αἰνείαν,

62 977 123 1017 καὶ
143 974 337 1030 βουλομένη
349 973 523 1028 πρόφασιν
541 969 804 1010 κατασκευάσαι
815 971 878 1016 τῆς
893 970 962 1007 τῶν
983 969 1099 1022 Πρια-

65 1038 175 1089 μιδῶν
205 1032 448 1081 καταλύσεως,
469 1029 683 1084 Ἀλεξάνδρῳ
708 1027 814 1067 πόθον
845 1026 993 1075 Ἑλένης
1024 1026 1098 1066 ἐνέ-

63 1095 171 1145 ὅαλε,
195 1093 255 1133 καὶ
281 1091 370 1145 μετὰ
400 1090 464 1139 τὴν
495 1088 658 1144 ἁρπαγὴν
682 1090 733 1142 τῷ
767 1086 830 1139 μὲν
857 1087 968 1125 δοκεῖν
999 1101 1099 1124 συνε-

67 1154 176 1208 μάχει
196 1158 268 1196 τοῖς
289 1150 432 1206 Τρωσί·
451 1155 528 1193 ταῖς
545 1148 582 1187 δὲ
606 1146 783 1195 ἀληθείαις
811 1143 1004 1200 παρηγόρει
1032 1143 1096 1192 τὴν

70 1207 179 1261 ἧτταν
198 1212 327 1259 αὐτῶν,
343 1208 402 1248 ἵνα
431 1207 481 1261 μὴ
500 1208 680 1250 παντελῶς
714 1204 969 1248 ἀπελπίσαντες
1006 1206 1098 1243 ἀπο-

68 1272 155 1311 δῶσι
172 1269 236 1318 τὴν
256 1268 419 1317 Ἑλένην.
436 1268 583 1322 Ἱστορεῖ
597 1265 831 1310 Ἀκουσίλαος.

122 1378 247 1418 Schol.
259 1379 373 1414 Hom.
382 1374 515 1425 Odyss.
527 1320 616 1421 Λ2,75.
623 1388 635 1410 1
644 1387 667 1423 9
682 1388 691 1410 z
705 1370 910 1426 Εὐρύπυλος
924 1374 943 1410 ὁ
964 1369 1101 1410 Ἀστυό-

70 1454 138 1493 χης
156 1437 216 1478 καὶ
241 1435 408 1490 Τηλέφου
434 1437 495 1473 τοῦ
514 1431 730 1487 Ἡρακλέους
755 1437 856 1480 παῖς,
883 1430 1005 1483 λαχὼν
1035 1429 1100 1477 τὴν

69 1495 239 1552 πατρῴαν
261 1493 388 1550 ἀρχὴν,
407 1496 470 1540 τῆς
488 1491 628 1535 Μυσίας
647 1492 758 1546 ἀρχῆς
772 1486 993 1544 προΐσταται.
1020 1490 1103 1528 Πυ-

72 1557 216 1610 θόμενος
236 1555 272 1595 δὲ
290 1554 452 1609 Πρίαμος
462 1556 524 1600 τῆς
540 1551 620 1606 περὶ
637 1550 761 1590 τούτου
779 1550 976 1602 δυνάμεως,
995 1548 1104 1601 ἔπεμ-

71 1619 135 1672 ψεν
152 1618 198 1661 ὥς
217 1615 334 1664 αὐτὸν,
358 1612 416 1653 ἵνα
440 1611 683 1667 παραγένηται
713 1609 912 1663 σύμμαχος.
933 1607 1105 1653 Εἰπόντος

72 1675 111 1715 δὲ
130 1677 236 1714 αὐτοῦ
252 1676 300 1717 ὡς
317 1674 380 1712 οὔκ
395 1670 469 1717 ἐξὸν
487 1674 722 1722 (Buttmann.
743 1668 837 1721 ἐξῆν)
856 1669 951 1722 αὐτῷ
968 1667 1025 1706 διὰ
1039 1666 1103 1715 τὴν

74 1733 234 1788 μητέρα,
253 1731 407 1785 ἔπεμψεν
428 1733 446 1770 ὃ
465 1729 628 1784 Πρίαμος
645 1731 689 1782 τῇ
711 1727 819 1782 μητρὶ
835 1728 941 1766 αὐτοῦ
959 1725 1105 1766 Ἀστυό-

73 1809 124 1848 χῃ
147 1795 256 1847 δῶρον
276 1793 411 1845 χρυσῆν
430 1788 600 1841 ἄμπελον.
614 1788 661 1827 ‘H
679 1787 716 1827 δὲ
733 1787 894 1827 λαὸοῦσα
912 1786 976 1834 τὴν
991 1786 1107 1839 ἄμπε-

73 1854 149 1902 λον,
172 1851 308 1904 ἔπεμψε
340 1849 398 1889 τὸν
424 1848 496 1887 υἱὸν
516 1847 574 1886 ἐπὶ
589 1847 786 1902 στρατείαν.
803 1845 1049 1898 Νεοπτόλεμος
1070 1844 1107 1884 δὲ

75 1914 95 1951 ὁ
105 1909 292 1964 Ἀχιλλέως
303 1914 386 1953 παῖς
397 1911 518 1947 τοῦτον
530 1908 664 1961 ἀναιρεῖ
684 1906 957 1959 (Buttmannus
986 1903 1109 1942 edidit

76 1974 96 2011 ὃ
114 1970 276 2025 Πρίαμος
294 1971 338 2022 τῇ
357 1966 483 2021 μητέρι
499 1967 605 2005 αὐτοῦ
626 1967 733 2020 δῶρα.
754 1964 800 2004 ‘H
819 1965 855 2004 δὲ
873 1963 1034 2003 λαὸοῦσα
1049 1962 1108 2002 τὸν

76 2028 150 2068 υἱὸν
167 2028 321 2082 ἔπεμψεν
342 2026 399 2066 ἐπὶ
429 2025 625 2081 στρατείαν.
644 2023 714 2064 ΑΟν
736 2022 982 2075 Νεοπτόλεμος
1005 2026 1023 2062 ὁ
1048 2026 1109 2062 τοῦ

78 2086 266 2141 Ἀχιλλέως
273 2086 343 2130 υἱὸς
351 2086 510 2140 ἀναιρεῖ).
529 2084 575 2124 Ἥ
587 2083 624 2123 δὲ
632 2083 770 2137 ἱστορία
776 2081 874 2137 παρὰ
881 2082 1109 2136 Ἀκουσιλάῳ.

2100 145 2172 178 103

1197 231 1324 270 Schol.
1345 230 1457 270 Pind.
1478 230 1534 268 Ol.
1553 231 1638 275 VII,
1663 234 1712 274 42
1733 241 1741 264 ε
1762 225 1884 266 Ἔοικε
1905 223 1941 263 δὲ
1961 226 1980 263 ὁ
2001 223 2176 279 Πίνδαρος

1143 288 1414 342 ἐντετυχηκέναι
1430 289 1481 342 τῷ
1503 287 1637 342 Ἀχαιῷ
1656 283 1932 340 ἱστοριογράφῳ·
1961 283 2091 327 ἐκεῖνος
2108 283 2176 338 γὰρ

1144 347 1234 386 οὕτω
1253 349 1449 399 γενεαλογεῖ
1461 363 1468 371 ·
1491 344 1713 401 «Ὑπερόχου
1733 342 1959 398 Εὐρύπυλος·
1979 336 2019 381 οῧ
2038 341 2177 397 Ὄρμε-

1145 421 1218 449 νος·
1251 400 1290 443 οῧ
1320 404 1440 459 Φέρης
1452 436 1462 454 ,
1499 399 1538 444 οῧ
1576 404 1774 457 Ἀμύντωρ·
1813 397 1853 441 οὗ
1886 399 2120 452 Ἀστυδάμεια
2152 403 2176 448 ἦ

1148 462 1387 514 Τληπολέμου
1416 463 1552 516 μήτηρ·
1585 464 1645 502 καὶ
1666 462 1767 507 αὐτὸς
1786 461 1823 501 δὲ
1843 459 2025 514 Ἀμύντωρ
2044 462 2092 504 εἰς
2110 459 2178 499 Δία

1148 521 1188 560 τὸ
1204 519 1302 573 γένος
1316 521 1457 572 ἀνάγει·
1472 540 1487 556 »
1515 526 1590 560 Pro
1608 525 1658 575 τῷ
1691 522 1824 575 Ἀχαιῷ
1843 522 1953 574 ἱστορ.
1979 519 2179 558 Boeckhius

1148 580 1432 618 emendandum
1452 581 1585 618 statuit
1608 579 1823 633 Ἀκουσιλάῳ
1841 581 1892 633 τῷ
1912 577 2050 632 ἀρχαίῳ
2067 580 2178 631 ἱστορ.

1202 692 1383 744 Apollod.
1404 695 1474 738 111,
1506 708 1519 730 1
1534 708 1566 740 ι,
1598 708 1611 730 1
1633 708 1641 730 ε
1665 692 1845 736 Μενέλαος
1881 691 2062 744 ἐγέννησεν
2141 692 2182 730 ἐκ

1150 752 1276 800 δούλης
1295 752 1475 805 Πιερίδος,
1501 751 1599 803 γένος
1610 752 1817 801 Αἰτωλίδος,
1833 752 1875 801 ἢ,
1893 751 2051 805 καθάπερ
2062 752 2183 790 Ἀκου-

1152 812 1269 857 σίλαός
1285 828 1389 867 φησι,
1410 812 1611 866 Τηριδάης,
1632 812 1858 902 ὒῖίΙεγαπένθη.

1207 919 1334 958 Schol.
1354 919 1531 970 Apollon.
1551 923 1587 965 l„
1607 932 1683 968 992
1702 933 1710 955 :
1732 918 1952 962 Ἀκουσίλαος
1970 919 2005 957 ἐν
2023 920 2068 971 τῇ
2084 917 2183 972 τρίτῃ

1154 978 1272 1033 φησὶν,
1290 976 1343 1016 ὅτι
1363 978 1403 1016 ἐκ
1421 979 1483 1024 τῆς
1507 978 1658 1028 ἕκτομῆς
1682 980 1743 1014 τοῦ
1771 979 1931 1030 Οὐρανοῦ
1954 977 2092 1030 ῥανίδας
2109 978 2186 1015 ἐνε-

1154 1039 1282 1091 χθῆναι
1302 1035 1501 1084 συνέπεσεν,
1520 1034 1680 1075 τουτέστι
1701 1034 1889 1087 σταγόνας,
1909 1035 2000 1074 κατὰ
2021 1038 2083 1082 τῆς
2101 1038 2186 1087 γῆς.

1154 1095 1189 1142 ἐξ
1209 1090 1257 1135 ὧν
1277 1098 1485 1148 γεννηθῆναι
1503 1094 1582 1139 τοὺς
1603 1094 1780 1138 Φαίακας.
1805 1096 1852 1134 Οἱ
1881 1093 1937 1143 δὲ,
1965 1094 2044 1138 τοὺς
2062 1094 2187 1146 γίγαν-

1154 1171 1226 1200 τας.
1256 1154 1326 1194 Καὶ
1346 1155 1508 1198 Ἀλκαῖος
1527 1153 1564 1193 δὲ
1582 1153 1674 1193 κατὰ
1689 1152 1735 1192 τὰ
1753 1151 1843 1192 αὐτὰ
1862 1153 2077 1206 Ἀκουσιλάῳ
2094 1152 2189 1204 λέγει

1155 1215 1235 1260 τοὺς
1254 1215 1421 1259 Φαίακας
1450 1214 1543 1268 ἔχειν
1569 1214 1610 1255 τὸ
1634 1213 1732 1267 γένος
1759 1216 1799 1253 ἐκ
1822 1215 1891 1252 τῶν
1923 1213 2100 1265 σταγόνων
2129 1216 2189 1252 τοῦ

1156 1276 1331 1329 Οὐρανοῦ.

1643 1326 1706 1365 30.

1212 1381 1340 1420 Schol.
1367 1383 1525 1419 Homer.
1557 1380 1692 1431 Odyss.
1716 1381 1770 1427 P,
1791 1393 1889 1427 207:
1912 1379 2092 1432 Περελάου
2116 1383 2197 1416 παϊ-

1159 1439 1213 1483 δες
1231 1438 1370 1482 Ἴθακος
1392 1439 1453 1477 καὶ
1473 1438 1644 1492 Νήριτος,
1664 1438 1734 1477 ἀπὸ
1755 1438 1836 1486 Διὸς
1855 1436 1995 1491 ἔχοντες
2019 1435 2173 1489 τὸγένος
2185 1467 2195 1485 ,

1159 1497 1272 1552 ᾤκουν
1291 1497 1356 1546 τὴν
1378 1497 1617 1553 Κεφαληνίαν.
1639 1496 1783 1552 Ἀρέσαν
1805 1495 1842 1535 δὲ
1856 1497 1972 1540 αὐτοῖς
1983 1499 2086 1535 τοῦτο
2098 1526 2108 1545 ,
2127 1511 2197 1534 κα-

1159 1555 1365 1601 ταλιπόντες
1392 1556 1438 1596 τὰ
1471 1555 1620 1611 σφέτερα
1652 1556 1742 1605 ἤθη,
1768 1555 2023 1611 παραγίνονται
2052 1556 2099 1599 εἷς
2131 1553 2196 1601 τὴν

1162 1615 1315 1664 Ἰθάκην.
1338 1615 1408 1655 Καὶ
1427 1614 1533 1655 τόπον
1554 1610 1683 1660 ἰδόντες
1702 1610 1740 1654 εῧ
1753 1613 1991 1666 πεποιημένον
2014 1615 2061 1658 εἷς
2078 1628 2199 1652 συνοι-

1162 1674 1302 1726 κισμὸν,
1322 1674 1379 1713 διὰ
1396 1674 1436 1714 τὸ
1448 1677 1517 1713 τῶν
1529 1673 1834 1728 παρατεθειμένων
1851 1671 2063 1727 ὑψηλότερον
2087 1665 2175 1710 εἶναι
2188 1701 2199 1720 ,

1165 1734 1256 1786 [καὶ]
1276 1733 1549 1781 κατοικήσαντες
1573 1734 1674 1787 δεῦρο
1692 1732 1756 1780 τὴν
1773 1732 1917 1780 Ἰθάκην
1944 1732 2098 1770 ἔκτισαν.
2127 1729 2199 1769 Καὶ

1164 1795 1204 1832 ἐκ
1221 1791 1284 1845 μὲν
1303 1797 1366 1831 τοῦ
1382 1792 1521 1831 Ἰθάκου
1540 1795 1562 1839 ἡ
1577 1795 1681 1840 νῆσος
1694 1790 1930 1843 ἐπωνομάσθη
1948 1789 2070 1837 Ἰθάκη
2083 1805 2091 1813 ·
2107 1788 2147 1827 τὸ
2164 1787 2201 1826 δὲ

1163 1851 1421 1906 παρακείμενον
1454 1851 1532 1905 ὅρος
1563 1852 1603 1890 ἐκ
1630 1850 1699 1890 τοῦ
1723 1849 1879 1905 Νηρίτου
1899 1848 2067 1904 Νήριτον.
2089 1848 2135 1887 Ἡ
2164 1846 2201 1884 δὲ

1165 1909 1302 1965 ἱστορία
1320 1908 1419 1964 παρὰ
1435 1908 1663 1963 Ἀκουσιλάῳ.

1219 2023 1500 2075 Harpocratio:
1522 2021 1734 2075 Ὁμηρίδαι·
1763 2019 1862 2073 γένος
1887 2021 1923 2059 ἐν
1950 2020 2051 2073 Χίῳ,
2081 2018 2201 2071 ὥσπερ

1170 2083 1393 2126 Ἀκουσίλαος
1412 2083 1448 2120 ἓν
1465 2080 1579 2136 τρίτῃ.

122 2252 214 2284 Zetes
225 2252 259 2283 et
275 2250 394 2288 calais,
410 2251 448 2281 ut
459 2248 633 2281 Acusilaus
653 2247 732 2280 dicit
743 2270 753 2287 ,
769 2247 812 2279 ad
830 2249 955 2280 Tenum
971 2246 1013 2279 ab
1034 2248 1111 2279 Her-

82 2298 155 2331 cule
169 2297 329 2330 interfecti
346 2299 434 2329 sunt.
575 2330 583 2337 ‚

125 2394 281 2431 causam,
296 2400 354 2423 cur
367 2389 504 2424 Coronis
520 2390 639 2430 Ischyn
653 2387 793 2430 Apollini
805 2388 1042 2430 praeferendum
1054 2388 1113 2420 du-

85 2439 178 2480 xerit,
202 2438 376 2471 Acusilaus
414 2437 521 2476 affert,
543 2437 663 2478 quippe
707 2443 782 2477 quae
824 2436 927 2468 verita
949 2445 991 2468 ne
1012 2445 1032 2468 a
1053 2436 1114 2468 deo

84 2488 262 2521 mntemtui
273 2487 455 2527 haberetur,
464 2494 541 2518 cum
555 2485 689 2517 mortali.
700 2485 831 2517 homine
846 2493 917 2517 esse
932 2484 1111 2517 maluisset.

127 2581 225 2614 Edito
237 2581 368 2614 oraculo
384 2582 458 2622 post
468 2580 658 2612 dissolutam
675 2578 913 2612 Priamidarum
926 2579 1116 2611 dominatio-

87 2637 161 2661 nem
175 2628 359 2670 prosapiam
375 2627 524 2660 Anchisae
542 2636 676 2667 regnum
689 2627 902 2668 Troj3norum
927 2626 1111 2658 habituram

93 2683 184 2715 esse,
199 2677 312 2708 Venus
330 2684 406 2707 cum
424 2674 567 2707 Anchise
591 2676 738 2714 vegetam
759 2676 887 2706 aetatem
901 2674 967 2714 Jam
988 2681 1117 2714 egresso

89 2721 275 2754 concubuit.
294 2724 345 2754 Ex
362 2730 429 2762 quo
444 2730 547 2762 quum
567 2723 701 2753 AEneam
720 2720 910 2762 peperisset,
928 2722 965 2752 ut
979 2720 1112 2752 Priami-

90 2767 205 2800 darum
219 2770 412 2810 potestatem
425 2767 636 2801 subvertendi
649 2768 852 2799 occasionem
865 2767 1115 2805 nancisceretur,

91 2815 274 2849 Alexandro
290 2816 422 2848 Helenae
440 2824 584 2848 amorem
599 2815 725 2856 injecit,
743 2816 776 2847 et
794 2817 868 2856 post
882 2815 969 2846 illius
986 2817 1115 2855 raptum

90 2871 111 2896 a
126 2864 338 2904 Troianorum
363 2862 510 2904 partibus
526 2866 610 2895 stare
624 2863 696 2895 visa
709 2865 774 2902 est;
791 2871 825 2894 re
840 2871 917 2894 vera
934 2864 1042 2894 autem
1059 2862 1119 2894 hac

93 2910 203 2942 auxilii
218 2911 327 2951 specie
342 2910 506 2943 solabatur
518 2910 643 2943 cladem
657 2919 783 2951 eorum,
799 2918 841 2942 ne
862 2919 995 2951 prorsus
1011 2910 1119 2951 despe-

91 2958 198 2990 rantes
212 2957 367 2990 Helenam
383 2956 566 2990 redderent.

133 3051 336 3092 Eurypylus,
353 3051 439 3084 filius
460 3052 633 3092 Astyochae
657 3054 690 3084 et
705 3051 853 3093 Telephi,
871 3051 1019 3083 Herculis
1042 3051 1119 3090 filii,

94 3097 128 3130 in
144 3098 259 3140 Mysiae
275 3109 372 3140 regno
383 3100 468 3140 patri
483 3101 654 3132 successit.
679 3101 781 3141 OuJus
800 3100 840 3131 de
857 3100 1002 3140 potentia
1015 3108 1118 3140 quum

94 3145 242 3178 Priamus
258 3146 456 3187 audivisset,
473 3146 562 3179 misit
588 3147 644 3187 qui
667 3147 708 3179 ad
736 3147 811 3179 belli
831 3147 1019 3178 societatem
1045 3155 1119 3178 eum

95 3196 330 3233 permoverent,
348 3197 392 3234 et,
409 3194 622 3236 respondente
637 3194 692 3226 illo
708 3204 773 3226 non
790 3195 887 3227 licere
912 3194 974 3226 sibi
991 3197 1121 3235 propter

94 3239 230 3270 matrem
244 3263 252 3279 ‚
277 3242 450 3280 Astyochea
471 3241 556 3274 dono
579 3241 668 3273 misit
689 3241 788 3273 vitem
811 3250 954 3273 auream.
978 3243 1049 3278 Qua
1072 3249 1122 3271 ac-

93 3286 196 3324 cepta,
210 3285 299 3317 misit
314 3286 368 3318 illa
387 3287 491 3320 filium
506 3288 538 3319 in
556 3287 806 3329 expeditionem.
830 3290 924 3320 Hunc
942 3296 1019 3319 vero
1037 3288 1120 3318 Neo-

95 3331 265 3372 ptolemus,
281 3333 412 3366 Achillis
428 3334 525 3375 filius,
540 3335 671 3367 occidit.

1213 2192 1399 2234 Hyperochi
1414 2191 1601 2233 Eurypylus
1612 2216 1621 2232 ,
1642 2192 1736 2232 quus
1751 2193 1915 2223 Ormenus
1929 2213 1938 2230 ,
1955 2190 2048 2231 cujus
2064 2190 2183 2222 Pheres
2195 2213 2204 2229 ‚

1169 2241 1263 2281 qu'us
1279 2241 1450 2281 Amyntor,
1469 2242 1563 2280 cujus
1599 2238 1801 2279 Astydamia‚
1828 2237 2006 2279 Tlepolemi
2032 2239 2155 2277 mater3
2174 2239 2205 2268 et

1169 2287 1240 2329 ipse
1255 2288 1414 2328 Amyntor
1431 2286 1472 2319 ad
1485 2289 1603 2319 Jovem
1617 2295 1720 2327 genus
1740 2285 1847 2318 refert.

1655 2352 1719 2384 28.

1212 2410 1377 2443 Menelaus
1390 2410 1544 2451 genuit—
1558 2419 1598 2442 ex
1615 2418 1710 2441 serva
1725 2408 1853 2441 Pieride
1866 2407 1907 2439 ab
1922 2407 2041 2439 AEtolia
2055 2406 2204 2445 oriunda,

1171 2458 1252 2498 sive,
1269 2459 1306 2490 ut
1322 2457 1493 2490 Acusilaus
1512 2458 1569 2497 ait,
1586 2466 1604 2490 e
1619 2456 1754 2489 Teridae
1769 2455 2023 2496 Megapenthem.

1656 2523 1720 2556 29.

1218 2581 1388 2614 Acusilaus
1401 2580 1484 2612 libro
1499 2580 1596 2613 tertio
1611 2580 1708 2619 dicit,
1723 2588 1826 2620 quum
1841 2580 1971 2610 Uranus
1987 2575 2203 2613 exsecaretur‚

1174 2628 1332 2661 accidisse
1364 2631 1402 2660 ut
1431 2630 1532 2669 guttae
1557 2627 1590 2659 in
1611 2629 1732 2660 terram
1759 2625 1969 2663 deciderent3
1992 2632 2031 2654 ex
2050 2622 2100 2653 his
2118 2623 2206 2653 ortos

1174 2685 1246 2708 esse
1261 2676 1434 2714 Phaeaces3
1452 2675 1505 2707 alii
1533 2675 1665 2713 dicunt,
1699 2674 1863 2714 Gigantes.
1883 2670 1988 2702 Etiam
2010 2669 2137 2700 Alcaeus
2149 2677 2202 2700 eo·-

1174 2723 1248 2756 dem
1265 2723 1364 2755 modo
1380 2731 1445 2763 quo
1457 2721 1628 2754 Acusilaus
1644 2722 1794 2754 Phaeaces
1810 2718 1889 2751 dicit
1905 2726 1945 2749 ex
1968 2715 2067 2748 Urani
2102 2715 2205 2756 guttis

1176 2780 1277 2812 genus
1293 2771 1423 2803 ducere.

1662 2822 1724 2854 30.

1218 2881 1340 2914 Perelai
1357 2881 1426 2921 filii,
1443 2882 1575 2913 Ithacus
1589 2882 1621 2911 et
1634 2879 1775 2917 Neritus,
1793 2886 1811 2908 a
1824 2879 1906 2909 Jove
1919 2874 2050 2907 oriundi
2065 2896 2074 2911 ,
2091 2873 2207 2906 incole-

1176 2928 1258 2961 bant
1277 2928 1518 2969 cephaleniam.
1534 2926 1659 2959 Placuit
1675 2925 1725 2957 his
1739 2925 1911 2956 consuetas
1924 2922 2017 2955 sedes
2033 2921 2210 2962 relinquen-

1180 2978 1227 3008 tes
1247 2975 1279 3007 in
1298 2976 1442 3008 Ithacam
1464 2973 1703 3013 transmigrare.
1731 2970 1794 3003 Ubi
1812 2979 1915 3012 quum
1931 2969 2039 3002 locum
2061 2968 2207 3000 viderent

1179 3024 1349 3063 peraptum
1365 3019 1621 3052 habitationibus
1637 3020 1806 3059 propterea
1821 3017 1908 3058 quod
1926 3016 2208 3057 circumjacentem

1180 3070 1341 3110 regionem
1361 3067 1547 3108 superabat,
1565 3066 1691 3098 colonia
1706 3066 1772 3097 huc
1789 3065 1948 3105 deducta,
1972 3064 2117 3096 Ithacam
2133 3071 2207 3094 con-

1180 3116 1344 3147 diderunt.
1371 3117 1412 3146 Et
1443 3114 1556 3146 Ithaca
1588 3112 1720 3154 quidem
1751 3112 1859 3144 insula
1881 3111 1922 3143 ab
1953 3111 2064 3143 Ithaco
2090 3117 2209 3141 nomen

1181 3163 1321 3203 accepit,
1340 3162 1471 3194 Neritus
1484 3169 1572 3200 νει-ο,
1590 3169 1685 3192 mons
1701 3159 1842 3199 vicinus,
1859 3168 1878 3191 a
1893 3158 2012 3191 Nerito.

1666 3227 1728 3259 31.

1182 3332 1202 3362 b
1223 3284 1420 3323 Homeridae,
1441 3283 1561 3315 familia
1583 3283 1617 3314 in
1637 3283 1720 3315 Chio
1735 3282 1861 3316 insula,
1883 3284 1918 3314 ut
1935 3280 2107 3314 Acusilaus
2121 3278 2209 3312 aitli-

1204 3340 1239 3362 ro
1257 3331 1362 3363 tertio.

806 3422 910 3426 „W
919 3413 1105 3431 ,ωε-κ
1108 3408 1362 3432 w<
1220 3411 1252 3415 A*
1363 3418 1442 3422 ..ἡ
