2320 3684
139 201 214 233 422

610 279 672 316 26.

189 342 417 391 Harpocrat.
438 355 445 376 :
465 337 692 390 Τριτομηνίς.
774 335 851 383 Τὴν
874 337 995 389 τρίτην
1015 341 1077 376 τοῦ
1099 353 1168 388 μη-

136 398 192 442 νὸς
229 397 459 451 τριτομηνίδα
489 396 648 435 ἐκάλουν.
688 399 792 434 Δοκεῖ
835 394 871 433 δὲ
902 395 1073 446 γενέθλιος
1104 400 1168 444 τῆς

136 457 292 504 Ἀθηνᾶς.
314 455 448 508 Ἴστρος
465 454 500 492 δὲ
526 454 585 492 καὶ
609 453 983 507 Τριτογένειαναῦτήν
1007 470 1092 509 φησι
1108 455 1165 494 διὰ

134 519 235 554 τοῦτο
254 514 435 566 λέγεσθαι,
451 512 514 560 τὴν
532 512 638 559 αὐτὴν
661 512 819 560 Σελήνην
838 512 1083 565 νομιζομένην.

187 575 329 613 Eadem
352 574 431 611 fere
448 581 599 610 exstant
617 573 720 624 apud
737 573 918 611 Photium
936 582 974 611 et
992 575 1161 615 Suidam,

187 691 311 731 Schol.
338 690 518 741 Sophocl.
545 691 647 728 OEd.
668 691 750 729 Col.
773 692 846 740 697
870 690 1005 742 (73o):
1027 687 1162 745 Ἴστρος

130 749 190 788 καὶ
209 749 267 787 τὸν
288 749 432 802 ἀριθμὸν
453 750 566 786 αὐτῶν
588 750 672 788 (τῶν
688 748 833 801 μορίων)
865 748 1054 798 δεδήλωκε,
1073 750 1160 802 γρά-

132 824 205 861 φων
222 807 347 850 οὕτως·
370 811 386 824 *
406 809 422 825 *
449 804 564 846 ’Ένιοι
587 808 716 846 κλάδον
733 808 792 847 τὸν
815 811 877 855 τῆς
899 809 933 847 ἐν
963 808 1161 862 Ἀκαδημίᾳ

128 866 266 912 ἐλαίας,
288 866 358 904 ἀπὸ
376 869 438 913 τ’ῆς
461 868 495 904 ἐν
517 865 705 920 ἀκροπόλει
725 867 935 921 φυτευθῆναί
955 882 1073 920 φασιν.

180 929 356 976 Apparet
384 926 472 963 Istri
493 925 612 964 verba
631 926 830 964 excidisse.
859 926 996 965 Suidas
1021 940 1058 964 v.
1077 927 1159 965 Μο-

127 984 204 1037 ρία,
239 999 325 1035 quae
354 986 402 1023 de
430 1000 591 1024 numero
621 999 814 1024 sacrarum
829 988 1000 1024 olearum
1021 987 1160 1035 tradit,

124 1043 271 1082 habent
288 1045 450 1083 fortasse
468 1047 607 1083 Istrum
625 1055 824 1084 auctorem
844 1061 852 1083 ε
869 1040 988 1084 ’Ἦσαν
1004 1045 1040 1084 δὲ
1057 1048 1158 1099 πρῶ-

124 1117 181 1140 τον
204 1101 250 1140 ιδ’
269 1102 327 1141 τὸν
349 1101 495 1157 ἀριθμὸν
519 1105 555 1141 αἱ
573 1107 886 1158 μεταφυτευθεῖσαι
910 1106 950 1142 ἐκ
975 1107 1037 1150 τῆς
1058 1107 1161 1158 ἀκρο-

124 1160 260 1206 πόλεως
278 1163 324 1205 εἷς
344 1162 574 1214 Ἀκαδημίαν.

598 1227 662 1266 28.

178 1286 406 1334 Harpocrat.
439 1300 448 1322 t
485 1284 738 1338 Ἀνθεστηριών
756 1301 764 1308 ·
801 1285 921 1336 ὄγδοος
954 1284 1023 1335 μὴν
1061 1279 1160 1328 οὗτος

121 1341 205 1393 παρ’
226 1341 436 1389 Ἀθηναίοις,
463 1343 554 1397 ἱερὸς
582 1343 763 1383 Διονύσου.
795 1342 932 1397 Ἴστρος
952 1342 988 1380 δὲ
1023 1344 1059 1381 ἐν
1088 1349 1159 1387 τοῖς

121 1401 182 1445 τῆς
198 1400 413 1452 Συναγωγῆς
429 1402 622 1449 κεκλῆσθαί
638 1418 742 1456 φησιν
760 1402 863 1440 αὐτὸν
878 1401 935 1440 διὰ
947 1401 988 1440 τὸ
1005 1403 1156 1440 πλεῖστα

121 1459 191 1496 τῶν
213 1459 252 1496 ἐκ
271 1462 333 1506 τῆς
357 1462 421 1512 γῆς
440 1462 554 1498 ἀνθεῖν
575 1460 666 1499 τότε.

175 1517 319 1555 Eadem
338 1519 443 1570 apud
466 1520 730 1558 Phavorinum
748 1528 787 1557 et
811 1519 992 1567 Suidam,
1014 1519 1077 1556 hie
1098 1528 1157 1556 ta-

123 1588 208 1612 men
229 1578 370 1614 Istrum
399 1590 478 1614 non
509 1579 694 1616 nominat.
716 1579 773 1616 Cf.
794 1581 922 1629 Etym.
940 1581 996 1616 M.
1016 1585 1054 1614 et
1071 1581 1157 1615 Ma-

121 1633 224 1671 crob.
247 1637 324 1673 Sat.
342 1638 374 1683 1,
397 1649 455 1672 12,

173 1765 401 1814 Harpocrat.
420 1777 428 1799 ε
448 1764 672 1818 Κοιρωνίδαι.
733 1763 841 1802 Ἔστι
861 1763 898 1802 δὲ
913 1763 1011 1816 γένος
1021 1766 1052 1802 οἱ·
1071 1765 1158 1802 Κοι-

123 1821 285 1874 ρωνίδαι,
308 1822 388 1876 περὶ
410 1816 458 1861 ὧν
481 1820 617 1876 Ἴστρος
633 1824 668 1862 ἐν
687 1826 730 1876 τῇ
751 1826 938 1875 συναγωγῇ
959 1826 1021 1869 τῆς
1041 1821 1157 1861 Ἀτθί-

119 1881 175 1923 δος
191 1879 308 1933 φησίν.
330 1881 601 1933 Ὠνομασμένον
623 1882 653 1920 δ’
671 1881 711 1920 ἂν
733 1882 786 1930 εἴη
808 1882 878 1921 ἀπὸ
899 1881 1074 1935 Κοίρωνος
1087 1911 1097 1930 ,
1118 1880 1156 1919 ὃν

120 1938 220 1978 νόθον
243 1939 390 1992 ἀδελφὸν
422 1934 510 1979 εἶναί
538 1957 623 1995 φασι
641 1944 703 1980 τοῦ
725 1941 929 1994 Κρόκωνος·
951 1940 1036 1993 παρ’
1055 1939 1073 1978 ὃ
1097 1940 1156 1978 καὶ

119 1997 359 2051 ἐντιμοτέρους
378 1993 467 2037 εἶναι
483 1998 561 2043 τοὺς
583 2000 819 2052 Κροκωνίδας.

597 2059 660 2097 30.

173 2122 299 2160 Schol.
319 2123 501 2174 Sophocl.
522 2122 622 2160 OEd.
650 2123 732 2161 Col.
759 2123 807 2160 58
824 2137 832 2159 :
851 2121 990 2176 Ἴστρος
1017 2136 1154 2173 μνημο-

118 2178 209 2218 νεύει
231 2184 294 2219 vo&
314 2183 448 2233 χαλκοῦ
468 2182 548 2220 ὀδοῦ
567 2181 627 2220 καὶ
649 2180 879 2232 Ἀστυδάμας.

591 2241 654 2278 31.

172 2300 403 2349 Harpoerat.
423 2315 430 2336 :
451 2300 633 2343 Παιανιεῐς
652 2298 711 2338 καὶ
726 2298 915 2338 Παιονίδα.
1005 2297 1087 2336 Εἰσὶ
1117 2296 1154 2335 δὲ

159 2460 301 2493 Tertiam
321 2461 442 2493 mensis
474 2461 560 2493 diem
589 2463 787 2505 τριτομηνίδα
810 2461 992 2502 vocabant;
1021 2460 1150 2493 videtur

117 2510 226 2539 autem
242 2507 310 2539 dies
331 2508 446 2540 natalis
462 2516 534 2540 esse
563 2509 728 2540 Minervae.
759 2511 805 2540 Ac
820 2512 989 2549 propterea
1009 2508 1150 2550 Τριτογέ-

117 2565 199 2587 ’,ειαν
226 2563 298 2587 eam
314 2554 380 2586 dici
399 2557 482 2588 ister
499 2555 614 2595 tradit,
643 2559 675 2588 et
690 2556 824 2588 eandem
841 2565 914 2588 cum
936 2558 1028 2588 Luna
1043 2556 1151 2588 existi·

118 2602 208 2635 mari.

600 2658 663 2690 27.

160 2716 241 2747 Ister
258 2715 356 2747 etiam
376 2723 547 2747 numerum
567 2723 732 2748 sacrarum
753 2715 898 2748 olearum
915 2715 1054 2754 indicat,
1074 2715 1150 2747 scri-

117 2761 197 2794 bens
277 2761 429 2794 Nonnulli
447 2765 556 2794 autem
571 2771 698 2795 ramum
711 2762 809 2802 oleae,
825 2771 898 2803 qum
913 2764 963 2794 est
985 2762 1018 2793 in
1032 2762 1150 2794 Acade·

120 2810 195 2849 mia,
220 2809 261 2841 ab
277 2809 331 2842 illa
347 2809 380 2842 in
401 2807 551 2852 Acropoli
571 2810 752 2851 plantatum
771 2818 844 2842 esse
859 2809 982 2841 dicunt.

598 2870 663 2904 28.

159 2926 404 2965 Anthesterion,
423 2927 545 2959 mensis
562 2929 699 2960 octavus
717 2927 804 2969 apud
824 2927 1053 2967 Antonianas,
1073 2929 1150 2960 Bac-

118 2972 179 3003 cho
207 2981 306 3005 sacer.
334 2976 416 3006 Ister
437 2973 471 3005 in
500 2973 592 3007 libris
621 2975 833 3008 collectionis
856 2984 931 3007 euin
957 2975 1002 3008 ita
1026 2975 1150 3007 dictum

120 3018 219 3050 ruisse
236 3021 383 3059 testatur,
404 3020 489 3061 quod
510 3021 655 3063 plerique
674 3025 768 3055 terrae
788 3023 884 3054 l'oetus
903 3025 983 3055 tunc
1003 3022 1149 3055 floreant.

603 3082 667 3115 29.

159 3138 340 3170 coeronidae
362 3140 440 3170 sunt
461 3148 539 3180 gens
553 3163 562 3178 ‚
585 3140 625 3172 de
646 3141 765 3181 quibus
793 3142 871 3175 lster
895 3142 927 3174 in
953 3142 1151 3176 collectione

119 3191 224 3215 reruni
251 3183 456 3223 Atticm-unu
482 3194 598 3217 nomen
626 3187 743 3220 hahere
768 3188 918 3221 videntur
941 3198 959 3221 a
989 3192 1149 3229 Coerone,

118 3239 216 3269 quem
233 3230 368 3262 nothum
392 3232 523 3263 fratrem
541 3241 613 3265 esse
629 3234 739 3267 serunt
752 3235 926 3276 Crocouis3
946 3236 1020 3269 inde
1032 3238 1147 3269 Croco-

121 3279 212 3312 nidas
228 3287 294 3318 prae
312 3279 493 3311 emronidis
509 3279 541 3310 in
559 3281 679 3314 honore
695 3282 815 3315 haberi.

605 3344 668 3377 30.

154 3399 245 3435 ,Ιεῑθν
262 3398 458 3431 mentionem
476 3399 552 3432 i'acit
568 3400 687 3435 liminis
700 3404 782 3436 oenei
799 3407 831 3438 et
846 3405 1051 3446 Astydamas.

949 195 1085 233 ISTRI
1112 195 1442 236 FRAGMENTA.

1226 282 1334 320 διττοὶ
1359 283 1465 334 δῆμοι
1495 283 1694 323 Παιανιέων
1724 288 1786 332 τῆς
1815 286 2038 332 Πανδιονίδος
2071 291 2195 342 φυλῆς.

1226 339 1426 395 διαφέρουσι
1454 341 1491 380 δὲ
1519 336 1613 381 οὗτοι
1645 345 1715 382 τῶν
1737 345 1958 394 Παιονιδῶν,
1984 348 2029 389 ὡς
2054 345 2193 402 Ἴστρος
2213 350 2250 388 ἕν

1227 399 1383 453 Ἀτάκτῳ
1411 401 1654 451 ὑποσημαίνει.
1682 402 1952 454 Μνημονεύουσι
1977 403 2013 442 δὲ
2041 405 2249 447 καὶτούτων

1224 459 1255 495 οἱ
1274 458 1424 511 ῥήτορες.
1503 462 1622 511 Δῆμος
1641 459 1678 499 δέ
1693 462 1768 499 ἐστι
1786 461 1845 500 καὶ
1863 456 1959 507 οὗτος
1976 466 2040 510 τῆς
2056 465 2248 510 Λεοντίδος.

1277 517 1420 556 Eadem
1445 519 1547 570 apud
1561 519 1739 568 Suidam,
1761 522 1827 571 qui
1847 522 1935 559 Istri
1951 535 2090 560 nomen
2107 525 2248 563 omisit.

1224 577 1422 615 Παιονιδῶν
1445 577 1526 628 jam
1553 591 1575 616 a
1603 578 1811 630 Vindingio
1835 580 1876 617 in
1903 580 1999 618 Hell.
2021 594 2060 631 p.
2085 583 2181 632 239,
2209 582 2250 620 in

1222 638 1393 674 Gronov.
1425 636 1518 674 thes.
1536 637 1613 675 vol.
1642 651 1702 685 11,
1727 647 1916 676 mutatum
1947 647 2006 676 est
2030 639 2071 677 in
2098 641 2251 678 Παιανι-

1223 693 1302 732 δῶν.
1325 694 1516 738 [Ιαιανίδας
1533 696 1672 746 legitur
1691 697 1806 734 etiam
1822 697 1861 734 in
1888 697 2071 736 Biblioth.
2093 698 2248 738 Coislin.

1222 765 1259 802 p.
1280 754 1368 791 238.
1388 754 1522 792 Suidas
1539 754 1697 793 exhibet
1715 755 1901 794 Παιονίδαι
1913 786 1924 807 .,
1940 756 2009 795 sed
2023 756 2142 807 paulo
2163 765 2250 808 post

1221 812 1436 850 Παιανιδῶν.

1691 866 1754 904 32.

1275 922 1409 960 Suidas
1424 938 1432 960 :
1448 922 1704 978 Περιστίαρχος
1714 954 1724 972 ,
1740 927 1758 964 ὁ
1775 924 2031 979 περικαθαίρων
2047 924 2110 973 τὴν
2131 925 2250 964 ἑστίαν

1219 979 1279 1019 καὶ
1293 980 1356 1028 τὴν
1374 981 1564 1029 ἐκκλησίαν
1583 982 1643 1021 καὶ
1662 981 1726 1030 τὴν
1751 982 1871 1022 πόλιν·
1903 984 1973 1023 ἀπὸ
1990 987 2054 1032 τῆς
2079 983 2212 1034 ἑστίας,
2226 983 2250 1032 ἢ

1219 1043 1280 1078 τοῦ
1299 1040 1544 1093 περιστείχειν.
1562 1037 1698 1095 Ἴστρος
1718 1041 1756 1081 δὲ
1775 1043 1810 1081 ἐν
1827 1049 1898 1087 τοῖς
1915 1043 2096 1092 Ἀττικοῖς,
2112 1043 2251 1097 «Περί-

1219 1115 1314 1148 στια,
1334 1100 1433 1152 φησὶ,
1459 1100 1752 1154 προσαγορεύεται
1778 1101 1823 1140 τὰ
1848 1102 2035 1156 καθάρσια·
2063 1103 2123 1142 καὶ
2145 1105 2177 1141 οἳ
2205 1102 2250 1142 τὰ

1219 1157 1295 1212 ἱερὰ
1321 1158 1543 1212 καθαίροντες
1583 1158 1844 1213 περιστίαρχοι·
1875 1158 1998 1205 ἔξωθεν
2023 1159 2090 1213 γὰρ
2109 1159 2251 1214 περιέρ-

1217 1231 1360 1269 χονται,
1389 1221 1731 1270 μαχαιροφοροῦντος
1761 1216 1912 1256 ἑκάστου
1945 1220 2014 1256 τῶν
2043 1220 2160 1272 ἱερῶν,
2192 1220 2248 1257 οἷ-

1219 1275 1309 1320 κίαις
1355 1275 1644 1330 περιειλημμένοι
1691 1275 1894 1328 δημοσίαις,
1934 1275 1994 1315 καὶ
2035 1276 2247 1332 περίδρομον

1218 1333 1394 1386 ἔχοντες.»

1271 1393 1548 1444 Repetiverunt
1576 1393 1656 1432 haec
1681 1394 1854 1443 Photius,
1883 1394 2123 1433 Phavorinus
2154 1394 2192 1432 h.
2211 1407 2247 1433 v.

1219 1460 1257 1489 et
1267 1452 1493 1503 Apostolius
1509 1455 1616 1500 XVI,
1642 1466 1674 1490 1.
1692 1451 1947 1505 Περιέρχονται
1964 1465 1985 1490 a
1998 1456 2166 1491 Kustero
2182 1465 2249 1491 re-

1219 1511 1394 1548 stitutum
1415 1518 1473 1548 est
1493 1524 1539 1547 ex
1564 1510 1705 1548 Photio
1737 1519 1776 1548 et
1804 1511 2009 1562 Apostolio
2039 1524 2110 1562 pro
2129 1508 2248 1563 περιέ-

1218 1584 1352 1621 χονται.
1369 1572 1422 1608 Ut
1438 1569 1542 1606 idem
1553 1573 1742 1607 Kusterus
1762 1578 1907 1618 monet,
1928 1583 2001 1620 pro
2021 1583 2247 1623 μαχαιροφο-

1219 1632 1356 1681 ροῦντος
1376 1641 1424 1665 ex
1447 1627 1584 1665 photio
1603 1628 1863 1666 revocandum
1889 1636 1947 1666 est
1962 1631 2250 1682 χοιροφοροῦντος

1219 1696 1257 1725 et
1289 1700 1336 1725 ex
1369 1687 1572 1737 Apostolio
1600 1686 1720 1740 ἱερέων
1763 1687 1874 1732 οἰκίας
1902 1688 2050 1741 περιειλ.
2079 1687 2250 1739 δημοσίας

1220 1759 1292 1797 pro
1311 1743 1437 1788 οἰκίαις
1460 1746 1606 1797 περιειλ.
1627 1746 1822 1797 δημοσίαις.

1626 1837 1842 1852 qm*-

1369 1880 1419 1918 Al
1447 1880 1760 1918 ΑΠΟΛΛΩΝΟΣ
1784 1881 2106 1921 ΕΠῙΦΑΝΕΙΑΙ.

1271 2004 1497 2054 Harpocrat.
1515 2017 1524 2039 :
1546 2002 1755 2056 Φαρμακός.
1819 2002 1891 2042 Δύο
1911 2003 2038 2058 ἄνδρας
2063 2004 2247 2052 Ἀθήνησιν

1218 2059 1340 2111 ἐξῆγον
1360 2091 1370 2108 ,
1407 2059 1583 2114 καθάρσια
1619 2059 1804 2112 ἐσομένους
1843 2064 1904 2109 τῆς
1939 2062 2073 2107 πόλεως
2103 2064 2140 2102 ἐν
2177 2069 2250 2108 τοῖς

1216 2118 1451 2172 Θαργηλίοις,
1475 2118 1536 2158 ἕνα
1567 2118 1628 2170 μὲν
1646 2118 1734 2173 ὑπὲρ
1759 2122 1828 2159 τῶν
1850 2122 1998 2175 ἀνδρῶν,
2025 2120 2086 2160 ἕνα
2108 2123 2144 2160 δε
2158 2120 2247 2175 ὑπὲρ

1217 2180 1286 2216 τῶν
1316 2181 1501 2228 γυναικῶν.
1526 2177 1613 2218 ‘'O‘ri
1638 2177 1675 2216 δὲ
1704 2178 1814 2230 ὄνομα
1838 2179 1956 2234 κύριόν
1983 2182 2076 2220 ἐστιν
2108 2184 2126 2220 ὁ
2145 2183 2249 2235 Φαρν

1219 2235 1329 2289 μακός
1339 2267 1349 2285 ,
1366 2236 1460 2290 ἱερὰς
1483 2236 1519 2275 δὲ
1546 2238 1671 2291 φιάλας
1688 2242 1749 2277 τοῦ
1763 2239 1979 2284 Ἀπόλλωνος
1997 2240 2130 2294 κλέψας
2146 2239 2248 2284 ἁλοὺς

1220 2296 1287 2334 ὑπὸ
1306 2298 1375 2335 τῶν
1401 2296 1481 2350 περὶ
1505 2296 1564 2335 τὸν
1584 2297 1748 2350 Ἀχιλλέα
1769 2298 1982 2347 κατελεύσθη
1994 2329 2005 2351 ,
2023 2299 2084 2339 καὶ
2102 2298 2148 2339 τὰ
2177 2304 2248 2343 τοῖς

1250 2459 1452 2491 Paeanienses
1469 2461 1502 2491 et
1516 2460 1699 2501 Paeonidae;
1717 2461 1782 2493 duo
1796 2464 1874 2493 sunt
1886 2461 2124 2496 Paeaniensinm
2141 2463 2242 2504 demi,

1210 2505 1424 2538 Pandionidis
1435 2506 1553 2538 tribus.
1567 2506 1729 2539 Disserunt
1743 2517 1821 2540 vero
1834 2509 1867 2540 hi
1883 2518 1902 2540 a
1915 2509 2076 2542 Paeonidis
2087 2533 2096 2550 ,
2114 2512 2151 2543 ut
2159 2512 2244 2543 Ister

1209 2553 1241 2584 in
1264 2553 1479 2585 Miscellaneis
1498 2553 1656 2594 significat
1666 2565 1676 2594 ;
1693 2555 1838 2587 rhetores
1857 2565 1986 2597 quoque
2001 2565 2113 2589 eorum
2132 2557 2244 2590 memi-

1209 2615 1304 2646 nere;
1323 2606 1422 2638 etiam
1439 2606 1491 2638 liic
1513 2609 1563 2638 est
1579 2606 1693 2639 demus
1709 2608 1876 2641 Leontidis
1892 2608 2010 2642 tribus.

1691 2661 1752 2694 32.

1253 2711 1489 2754 Περιστίαρχος.
1527 2712 1581 2744 Sic
1616 2714 1754 2745 vocatur
1786 2713 1842 2754 qui
1864 2712 2000 2746 domum
2011 2737 2022 2754 ,
2053 2715 2242 2748 concionem

1207 2761 1240 2790 et
1255 2757 1370 2790 urbem
1386 2757 1520 2797 lustrat,
1537 2758 1578 2790 ab
1596 2759 1701 2799 ἑστία,
1719 2758 1741 2790 i.
1757 2767 1786 2791 e.
1806 2759 1916 2799 focus,
1932 2760 2067 2802 domus,
2085 2762 2137 2795 vel
2152 2770 2172 2794 a
2186 2773 2244 2795 πε·

1208 2805 1384 2847 ριστείχειν,
1400 2804 1420 2836 i.
1439 2813 1468 2836 e.
1483 2814 1502 2836 a
1517 2805 1759 2838 circumeundo.
1778 2808 1859 2838 Ister
1874 2807 1994 2839 veroin
2015 2808 2129 2841 Atticis
2145 2808 2242 2849 dicit,

1209 2865 1225 2880 «
1239 2852 1388 2883 victimas
1406 2851 1555 2884 lustrales
1572 2852 1723 2894 appellari
1733 2853 1895 2896 περίστια;
1915 2856 1948 2887 et
1962 2863 2030 2895 eos,
2048 2856 2102 2897 qui
2124 2856 2244 2898 templa

1206 2898 1403 2938 lustrabant,
1417 2898 1663 2941 περιστιάρχους.
1681 2900 1893 2933 Extrinsecus
1905 2902 1993 2934 enim
2009 2902 2243 2943 circumibant,

1208 2953 1404 2986 unoquoque
1419 2945 1626 2977 sacerdotum
1642 2946 1819 2986 porcellum
1836 2947 1974 2988 serente,
1990 2949 2080 2982 aedes
2095 2950 2242 2991 publicas

1207 2991 1494 3023 circumcurrentes
1510 2994 1543 3023 et
1560 2991 1718 3024 ambitum
1738 2997 1879 3034 agentes.
1896 3008 1910 3023 ι,

1374 3101 1650 3143 APOLLINIS
1679 3105 2071 3146 APPARITIONES.

1250 3218 1481 3251 Pharmacus.
1507 3220 1596 3252 Duos
1616 3219 1703 3252 viros
1720 3221 1855 3254 Athenis
1869 3245 1878 3260 ,
1894 3222 2072 3256 lustrandas
2092 3223 2233 3256 civitatis

1207 3275 1335 3308 caussa,
1358 3267 1392 3299 in
1417 3267 1499 3299 sesto
1514 3267 1756 3308 Thai-geliorum
1778 3269 1976 3310 educebant3
1993 3279 2132 3310 quorum
2157 3271 2237 3304 alter

1210 3313 1310 3353 viros,
1323 3313 1402 3346 alter
1422 3314 1556 3346 seminas
1571 3315 1725 3356 expiaret.
1742 3316 1956 3348 Pharmacum
1973 3319 2081 3350 autem
2107 3317 2237 3350 nomine

1210 3361 1337 3402 proprio
1373 3362 1526 3403 appellari
1570 3370 1644 3394 euin
1667 3386 1676 3402 ,
1722 3364 1778 3403 qui
1827 3373 1929 3405 quum
1969 3373 2077 3396 sacras
2112 3364 2235 3407 phialas

1210 3408 1335 3441 siu-atus
1359 3411 1393 3441 et
1418 3408 1458 3441 al)
1486 3409 1609 3442 Achille
1633 3410 1852 3450 deprehensus
1875 3413 1984 3452 esset,
2012 3411 2171 3453 lapidibus
2195 3411 2236 3445 sit
