2320 3684
761 111 1080 152 PHILOCHORI
1109 112 1443 152 FRAGMENTA.

45 197 151 237 δέκα·
180 196 320 252 ὕστερον
339 197 375 236 δὲ
399 196 557 249 ἐγένοντο
587 195 713 235 πέντε·
751 197 994 249 καρπούμενον
1027 198 1074 236 τὰ

43 259 168 296 ἑαυτοῦ
188 256 237 309 μὴ
253 256 475 296 ἐπιὸαίνοντα
492 255 587 299 ἐντὸς
601 255 692 309 πέρα
715 258 775 294 τοῦ
790 256 942 300 Εὖὸοίας
957 258 1075 310 ἀκρω-

43 315 163 369 τηρίου
176 331 184 339 ·
209 315 312 367 μόνος
353 314 390 353 δὲ
421 313 636 367 Ὑπέρὸολος
674 315 715 352 ἐκ
751 316 821 353 τῶν
849 314 978 359 ἀδόξων
1019 314 1076 352 διὰ

43 373 349 428 ἐξοστρακισθῆναι
369 372 425 412 διὰ
444 372 640 427 μοχθηρίαν
651 372 804 427 τρόπων,
815 375 851 411 οὐ
867 373 909 411 δι’
925 373 1075 427 ὑποψίαν

42 432 260 486 τυραννίδος·
283 431 371 484 μετὰ
397 436 518 471 τοῦτον
545 431 581 471 δὲ
605 430 777 479 κατελύθη
809 432 849 471 τὸ
868 430 953 480 ἔθος,
974 430 1078 485 ἀρξαί-

44 507 146 543 μενον
161 491 454 543 νομοθετήσαντος
464 490 711 539 Κλεισθένους,
723 490 779 529 ὅτε
796 490 875 535 τοὺς
892 490 1078 544 τυράννους

43 550 245 600 κατέλυσεν,
265 550 359 595 ὅπως
375 550 573 603 συνεκὸάλῃ
593 550 653 589 καὶ
666 549 746 594 τοὺς
761 549 879 603 φίλους
896 550 999 588 αὐτ...
1021 566 1037 583 »

97 614 156 649 De
173 619 361 662 tempore,
382 623 460 661 quo
489 609 537 648 de
554 610 781 648 ostracismo
809 609 999 660 agendum
1017 608 1077 655 sit,

43 669 270 708 Aristoteles
301 670 376 720 (ap.
415 682 572 720 gramm.
594 669 730 707 incert.
765 669 805 707 in
829 673 928 719 App.
949 667 1078 706 Photii

43 732 205 768 Porson.
241 742 279 779 p.
318 729 407 776 672,
448 727 510 780 12)
538 742 560 765 a
597 728 832 766 Philochoro
877 726 1075 765 dissentit:

45 786 132 827 Ἐπὶ
149 785 186 825 δὲ
204 789 267 834 τῆς
289 785 391 834 ἕκτης
416 786 669 840 πρυτανείας...
691 786 795 840 φησὶν
825 784 1077 839 Ἀριστοτέλης,

44 846 79 884 ἐν
97 847 141 898 τῇ
160 845 264 900 κυρία
278 844 450 899 ἐκκλησία
530 845 591 884 καὶ
611 845 691 899 περὶ
720 847 783 892 τῆς
806 842 1079 899 ὀστρακοφορίας

43 904 316 959 ἐπιχειροτονίαν
333 904 487 943 δίδοσθαι
502 913 573 943 etc.
607 908 651 943 In
680 903 738 942 διὰ
766 902 1078 957 ἐξοστρακισθῆναι

42 964 136 1003 latet
168 965 318 1003 vitium.
350 967 530 1003 Fortasse
559 963 771 1002 Alcibiadis
809 977 949 1001 nomen
985 970 1075 1014 post

44 1022 102 1062 διὰ
121 1023 276 1072 excidit,
303 1023 375 1061 nisi
396 1023 622 1075 praepositio
641 1036 688 1061 ex
711 1021 960 1074 sequentibus
980 1021 1079 1058 male

43 1090 220 1135 repetita.

291 1146 354 1185 80.
384 1146 554 1198 [olymp.
584 1149 747 1194 Lxxn,
778 1148 827 1194 2.]

96 1215 286 1263 Harpocr.
306 1224 335 1250 s.
352 1225 389 1249 V.
405 1210 543 1264 Ἑρμῆς
561 1213 580 1248 ὁ
598 1209 683 1263 πρὸς
695 1212 739 1263 τῇ
756 1209 874 1248 πυλίδι
889 1226 896 1247 :
962 1209 1080 1248 Φιλό-

44 1286 146 1325 χορος
168 1271 203 1308 ἐν
222 1269 375 1323 πέμπτῳ
395 1269 545 1313 Ἀτθίδος
571 1268 691 1323 φησὶν,
711 1271 758 1312 ὡς
779 1270 811 1307 οἵ
828 1267 927 1307 ἐννέα
947 1267 1080 1320 ἄρχον-

42 1346 98 1374 τες
117 1335 192 1374 ταῖς
211 1330 335 1383 φυλαῖς
355 1327 520 1367 ἀνέθεσαν
552 1328 691 1381 Ἑρμῆν
727 1326 824 1381 παρὰ
854 1327 912 1366 τὸν
934 1326 1094 1366 πυλῶνα

44 1389 105 1428 τὸν
124 1387 295 1427 Ἀττικόν.

99 1448 243 1486 Eadem
265 1446 409 1485 habent
429 1446 562 1486 Suidas
582 1446 620 1485 h.
643 1461 680 1485 v.
703 1455 741 1485 et
753 1446 912 1485 Photius
930 1446 969 1483 in
989 1449 1080 1484 Lex.

45 1507 93 1545 ab
110 1510 240 1546 Herm.
260 1506 365 1544 edito
382 1520 420 1557 p.
445 1507 505 1546 18.
525 1509 599 1543 Pro
611 1507 645 1544 ἐν
659 1505 813 1559 πέμπτῳ
827 1520 875 1544 ex
890 1506 1082 1556 Hesychio

45 1575 84 1606 et
110 1565 333 1605 Phavorino
360 1579 396 1603 v.
423 1565 604 1618 Ἀγοραῖος
632 1565 902 1617 reponendum
931 1578 1014 1603 esse
1045 1566 1080 1603 ἐν

45 1626 151 1679 τρίτῳ
175 1638 261 1662 cum
281 1624 464 1662 Boeckhio
489 1624 551 1677 (de
574 1624 750 1663 Philoch.
768 1638 807 1675 p.
837 1623 899 1675 14)
926 1637 1081 1675 persua-

47 1698 129 1723 sum
146 1683 341 1722 hahemus.

99 1819 328 1866 Harpocrat.
344 1828 380 1852 v.
402 1813 497 1867 Πρὸς
512 1815 555 1866 τῆ
566 1812 685 1852 πυλίδι
702 1811 858 1867 Ἑρμῆςε
928 1813 1086 1866 Φιλόχο-

49 1890 104 1928 ρος
127 1875 162 1912 ἐν
186 1877 230 1927 τῇ
255 1873 400 1926 πέμπτῃ
419 1903 430 1921 ,
460 1892 475 1907 «
495 1872 687 1920 Ἀθηναίων
709 1891 725 1907 »
747 1872 852 1927 φησὶ,
884 1890 900 1907 «
925 1871 1082 1927 ἀρξαμέ-

48 1949 115 1972 νων
146 1932 308 1986 τειχίζειν
342 1932 400 1971 τὸν
419 1934 583 1986 Πειραιᾶ,
600 1934 632 1970 οἱ
645 1930 745 1970 ἐννέα
775 1931 939 1985 ἄρχοντες
962 1935 1082 1970 τοῦτον

49 1992 228 2036 ἀναθέντες
249 1990 451 2045 ἐπέγραψαν
468 2007 477 2015 ·

150 2068 323 2112 Ἆρξάμενοι
339 2070 456 2111 πρῶτοι
472 2067 614 2110 τειχίζειν
628 2068 686 2100 οἶδ’
699 2067 863 2108 ἀνέθηκαν,

153 2117 264 2158 βουλῆς
279 2117 332 2148 καὶ
347 2116 447 2157 δήμου
462 2115 596 2157 δόγμασι
605 2115 792 2157 πειθόμενοι.

51 2251 205 2285 excedere
216 2275 226 2291 ,
246 2252 420 2292 postquam
438 2259 477 2283 ex
497 2251 570 2291 jure
586 2250 730 2291 privatas
745 2259 797 2282 res
814 2251 1041 2292 transegisset,
1057 2253 1089 2283 et

51 2298 161 2332 decem
177 2307 280 2331 annos
293 2298 410 2330 abesse
429 2307 437 2328 ε
454 2300 567 2338 postea
580 2307 659 2330 vero
672 2298 816 2339 quinque
831 2299 907 2330 anni
920 2299 1090 2331 constituti

51 2349 128 2380 sunt
145 2347 293 2389 :poterat
309 2347 417 2378 autem
429 2344 525 2377 bonis
539 2343 607 2377 suis
624 2344 700 2381 frui,
720 2344 818 2377 modo
834 2354 874 2378 ne
886 2346 972 2378 ultra
985 2347 1090 2378 Gerae-

53 2396 142 2429 stum
158 2393 420 2436 promontorium
439 2392 480 2424 ad
496 2391 610 2424 urbem
624 2392 803 2425 accederet.
821 2392 917 2425 Solus
933 2401 1009 2425 vero
1023 2395 1089 2435 Hy-

54 2442 205 2485 perbolus
220 2451 260 2474 ex
285 2441 368 2473 viris
392 2449 458 2472 non
480 2439 663 2472 illustribus
684 2439 877 2471 ostracismo
888 2440 1019 2494 ‘ejectus
1041 2442 1091 2472 est

53 2493 182 2532 propter
197 2497 326 2522 morum
345 2488 551 2530 pravitatem,
566 2495 634 2518 non
651 2485 764 2527 quod'
755 2495 790 2518 ln
806 2486 1028 2527 suspicionem
1046 2489 1091 2527 ty-

53 2536 199 2570 rannidis
217 2534 407 2577 appetendae
421 2533 602 2566 incidisset.
616 2534 694 2564 Post
707 2533 793 2564 hunc
811 2533 998 2565 institutum
1011 2533 1092 2565 illud

6 2618 8 2620 ,
53 2583 211 2617 abolitum
241 2584 312 2622 est,
351 2581 439 2623 quod
467 2581 535 2622 lege
557 2580 740 2612 sanciverat
763 2580 965 2621 Clisthenem
988 2590 1091 2635 quum

55 2633 213 2673 tyrannos
249 2629 426 2671 expulisset
455 2636 635 2669 eorumque
677 2627 800 2660 amicos
837 2627 957 2670 pariter
978 2628 1092 2669 ejicere

57 2678 191 2711 vellet.»

540 2724 602 2756 80.

100 2779 295 2811 Mercurius
312 2776 359 2810 ad
376 2776 569 2818 portulam.
642 2775 854 2808 Philochorus
876 2776 959 2808 libro
977 2776 1092 2817 quinto

59 2825 202 2859 Atthidis
217 2825 273 2865 ait,
292 2833 410 2857 novem
426 2824 596 2856 archontes
610 2823 760 2855 tribubus
777 2822 947 2856 dedicasse
965 2826 1088 2856 Mercu-

60 2873 143 2906 rium
157 2873 199 2905 ad
213 2874 339 2914 portam
357 2872 509 2904 Atticam.

101 2979 281 3012 Mercurius
311 2978 351 3010 ad
376 2978 549 3020 portulam.
627 2977 842 3010 Philochorus
866 2977 949 3009 libro
979 2977 1093 3018 quinto

62 3026 205 3060 Atthidis
228 3025 341 3058 scribit
353 3034 471 3057 novem
487 3025 670 3064 archonteS,
682 3034 786 3065 quum
809 3025 1024 3057 Athenienses
1044 3024 1093 3056 Pi-

63 3081 185 3105 roeeum
203 3081 297 3104 muro
316 3072 442 3104 munire
467 3071 652 3113 coepissent,
672 3071 820 3112 posuisse
828 3071 921 3103 illum
937 3072 970 3103 et
985 3071 1095 3103 inscri-

64 3120 167 3161 psisse
183 3129 192 3151 ι

107 3177 301 3215 Dedicarunt
314 3178 357 3217 hi,
377 3177 431 3217 qni
447 3187 569 3206 murum
582 3177 736 3206 aedificare
749 3184 910 3217 coeperunt
924 3177 1035 3217 primi,

107 3225 236 3255 Senatus
253 3225 427 3265 populique
442 3224 581 3254 obsecuti
597 3224 745 3255 decretis.

545 3279 608 3311 82.

109 3330 278 3363 Fur-ensis.
347 3330 525 3362 Mercurius
537 3329 583 3362 ita
598 3338 673 3363 vere
689 3329 928 3371 appellabatur;
945 3329 1014 3370 ejus
1033 3330 1094 3359 sta·

2085 120 2160 156 :397

1186 198 1329 236 Eadem
1347 198 1450 249 apud
1470 198 1626 237 Suidam
1641 198 1678 236 h.
1696 211 1731 238 v,
1756 207 1794 237 et
1811 199 1992 238 Photium
2015 200 2053 238 iu
2067 204 2161 239 Lex.

1131 269 1168 306 p.
1186 258 1273 301 342.
1294 260 1367 294 Pro
1384 257 1419 294 ἐν
1437 256 1582 309 πέμπτῃ
1597 256 1841 296 scribendum
1857 266 1914 296 est
1930 260 1964 296 ἐν
1982 257 2104 312 τρίτῃ,
2122 267 2164 297 ut

1131 315 1170 351 in
1183 315 1424 354 antecedenti
1448 316 1673 368 fragmento.

1186 440 1352 489 Hesych.
1382 449 1420 478 et
1442 440 1602 478 Phavor.
1622 455 1658 478 v.
1679 440 1877 493 Ἀγοραῖοςε
1900 441 2036 496 Ἑρμῆς
2057 441 2166 485 οὕτως

1133 496 1318 548 ἐλέγετο”
1297 514 1420 547 οντως,
1439 514 1499 537 και
1531 499 1698 554 ἀφίδρυτο
1719 500 1888 554 Κεὸρίδος
1906 501 2070 556 ἄρξαντος
2083 531 2093 550 ,
2119 503 2166 545 ὥς

1135 561 1305 609 μαρτυρεῖ
1325 556 1556 647 Φιλοχορος’
1541 574 1575 596 εν
1593 558 1710 612 τρίτῳ.

1409 611 1644 663 3.[Olymp.
1664 616 1846 660 LXXIII,
1866 614 1918 666 2.]

1187 673 1314 711 Schol.
1335 674 1452 711 Arist.
1470 675 1631 714 Acharn.
1660 690 1761 715 220:
1782 678 2043 739 Λακρατίδης’
2024 684 2167 732 αρχαῖος

1135 730 1252 785 ἄρχων
1287 730 1483 780 Ἀθηνησιν,
1516 735 1562 777 ὡς
1591 735 1651 773 καὶ
1681 736 1892 798 Φιλόχορος.
1914 731 2024 791 ῗΗρξε
2053 738 2089 776 δὲ
2109 737 2168 776 ἐπὶ

1134 793 1203 830 τῶν
1228 789 1364 845 χρόνων
1393 791 1563 846 Δαρείου,
1584 794 1638 847 εφ’
1663 799 1702 833 οὗ
1725 795 1873 843 πλείστη
1904 795 1992 849 χιὼν
2010 796 2167 847 ἐγένετο,

1134 849 1194 888 καὶ
1215 850 1373 899 ἀπέπηξε
1391 850 1532 899 πάντα,
1554 853 1601 895 ὡς
1620 852 1669 904 μὴ
1701 854 1868 893 δύνασθαί
1891 871 1970 894 τινα
1995 854 2167 909 προϊέναι.

1134 909 1264 965 Διόπερ
1280 909 1326 948 τὰ
1344 908 1463 964 ψυχρὰ
1479 908 1594 948 πάντα
1609 913 1829 966 Λακρατίδου
1849 914 2007 952 ἐκάλουν.

1188 970 1333 1008 Eadem
1353 970 1434 1007 haec
1452 977 1682 1019 repetuntur
1704 985 1726 1009 a
1749 972 1967 1011 Phavorino
1986 982 2024 1011 et
2050 973 2169 1012 suida

1135 1041 1173 1065 v.
1199 1030 1314 1081 Λακρ.

1391 1089 1454 1126 84.
1485 1089 1655 1141 [Olymp.
1678 1093 1836 1138 LXXV,
1867 1092 1917 1140 1.]

1190 1157 1332 1195 AElian.
1351 1160 1397 1195 N.
1415 1162 1457 1195 A.
1476 1160 1567 1204 XII,
1588 1157 1658 1195 35:
1682 1156 1877 1209 Πέπυσμαι
1945 1157 2051 1202 κύνας
2068 1158 2171 1211 γενέ-

1138 1218 1217 1253 σθαι
1228 1214 1510 1269 φιλοδεσπότους,
1527 1218 1574 1260 ὣς
1587 1215 1796 1255 Ξανθίππου
1811 1219 1871 1254 τοῦ
1890 1216 2062 1270 Ἀρίφρου.
2095 1219 2174 1256 Με-

1136 1273 1382 1326 τοικιζομένων
1407 1273 1476 1329 γὰρ
1503 1277 1572 1313 τῶν
1594 1275 1782 1323 Ἀθηναίων
1805 1276 1839 1318 ἐς
1857 1273 1918 1318 τὰς
1940 1279 2044 1323 ναῦς,
2068 1275 2174 1323 ἡνίκα

1136 1337 1197 1372 τοῦ
1215 1332 1341 1386 χρόνου
1355 1337 1373 1373 ὁ
1396 1333 1540 1387 Πέρσης
1551 1333 1609 1372 τὸν
1629 1333 1740 1386 μέγαν
1765 1334 1915 1386 πόλεμον
1930 1334 1987 1372 ἐπὶ
2004 1333 2068 1381 τὴν
2083 1334 2175 1373 Ἑλ-

1137 1392 1229 1431 λάδα
1255 1392 1384 1446 ἐξῆψε,
1415 1392 1473 1431 καὶ
1500 1392 1618 1446 ἔλεγον
1645 1396 1676 1432 οἵ
1704 1394 1861 1448 χρησμοὶ
1886 1395 1976 1447 λῷον
2000 1387 2175 1438 εἶναιτοῖς

1138 1451 1329 1499 Ἀθηναίοις
1357 1451 1421 1500 τὴν
1452 1453 1514 1504 μὲν
1541 1452 1695 1506 πατρίδα
1725 1456 1925 1502 ἀπολιπεῖν,
1951 1452 2115 1500 ἐπιὸῆναι
2139 1453 2176 1491 δὲ

1138 1512 1207 1548 τῶν
1226 1510 1378 1565 τριήρων
1392 1526 1400 1534 ·
1418 1510 1496 1549 οὐδὲ
1526 1513 1557 1549 οἳ
1575 1510 1674 1555 κύνες
1691 1516 1752 1550 τοῦ
1766 1511 2019 1566 προειρημένου
2039 1511 2177 1550 ἀπελεί-

1139 1571 1292 1622 φθησαν,
1319 1569 1410 1607 ἀλλὰ
1434 1570 1749 1624 συμμετῳκίσαντο
1772 1569 1994 1623 Ξανθίππῳ,
2017 1570 2077 1608 καὶ
2095 1571 2176 1608 δια-

1138 1626 1326 1679 νηξάμενοι
1349 1629 1383 1672 ἐς
1411 1627 1474 1676 τὴν
1501 1631 1690 1682 Σαλαμῖνα
1725 1627 1923 1676 ἀπέὸησαν.
1958 1627 2109 1681 Αέγετον
2140 1628 2177 1668 δὲ

1140 1687 1208 1740 ἄρα
1227 1690 1340 1727 ταῦτα
1365 1687 1607 1740 Ἀριστοτέλης
1628 1688 1687 1727 καὶ
1705 1686 1914 1741 Φιλόχορος.

1630 1755 1693 1792 85.

1194 1813 1381 1863 Harpocr.
1401 1827 1437 1851 v.
1460 1813 1647 1866 Θεωρικοίε
1715 1810 1881 1866 Θεωρικὰ
1899 1806 1941 1859 ῆν
1964 1810 2043 1851 τινὰ
2057 1813 2092 1851 ἓν
2110 1828 2179 1851 κοι-

1139 1872 1190 1924 νῷ
1214 1871 1384 1926 χρήματα
1396 1902 1405 1920 ,
1427 1871 1495 1910 ἀπὸ
1512 1874 1580 1910 τῶν
1597 1875 1660 1920 τῆς
1680 1870 1814 1914 πόλεως
1834 1869 2013 1925 προσόδων
2028 1870 2179 1923 συναγό-

1142 1944 1242 1980 μενα.
1266 1931 1392 1967 Ταῦτα
1424 1929 1461 1968 δὲ
1490 1928 1656 1984 πρότερον
1687 1928 1751 1981 μὲν
1784 1931 1829 1972 εἷς
1855 1928 1917 1973 τὰς
1936 1932 1996 1968 τοῦ
2022 1929 2179 1982 πολέμου

1141 1987 1262 2042 χρείας
1287 1987 1525 2062 ἐφυλάττετο
1527 1989 1587 2027 και
1615 1990 1773 2027 ἐκαλεῖτο
1795 1987 2053 2042 στρατιωτικὰ,
2074 1988 2179 2028 ὕστε-

1145 2061 1201 2101 ρον
1222 2045 1259 2084 δὲ
1275 2046 1475 2086 κατετίθετο
1493 2046 1541 2091 εἴς
1559 2063 1596 2085 τε
1609 2046 1671 2091 τὰς
1691 2047 1861 2098 δημοσίας
1879 2046 2099 2089 κατασκευὰς
2119 2048 2178 2086 καὶ

1143 2105 1309 2157 διανομὰς
1321 2136 1331 2154 ,
1351 2108 1398 2143 ὡν
1430 2107 1568 2158 πρῶτος
1585 2105 1714 2159 ἤρξατο
1735 2105 1910 2159 Ἀγυῤῥιος
1927 2109 1945 2145 ὁ
1957 2106 2178 2158 δημαγωγός.

1144 2252 1203 2283 tua
1219 2253 1326 2293 posita
1343 2253 1394 2284 est
1414 2251 1460 2293 (in
1475 2252 1559 2292 foro)
1579 2252 1734 2285 archonte
1751 2252 1889 2286 Cebride
1900 2276 1909 2293 ,
1935 2252 2023 2294 quod
2041 2254 2179 2286 testatur

1144 2299 1359 2332 Philochorus
1373 2299 1456 2332 libro
1471 2299 1578 2332 tertio.

1631 2365 1694 2398 83.

1186 2422 1375 2455 Lacratides
1387 2446 1396 2462 ,
1410 2425 1505 2455 vetus
1524 2422 1644 2454 archon
1661 2421 1867 2454 Atheniensis
1879 2446 1888 2462 ,
1906 2422 1944 2453 ut
1958 2420 2057 2453 etiam
2073 2420 2178 2452 Philo·

1145 2469 1265 2501 chorus
1277 2470 1395 2509 tradit3
1409 2470 1527 2501 archon
1542 2471 1610 2502 erat
1626 2469 1715 2501 Darii
1729 2471 1836 2508 aetate,
1851 2469 1911 2501 sub
1924 2477 1989 2509 quo
2004 2477 2177 2509 permagna

1146 2516 1272 2549 nivium
1280 2517 1331 2549 vis
1340 2517 1457 2549 cecidit
1464 2517 1637 2558 omniaque
1645 2517 1762 2558 frigore
1775 2516 2018 2549 concreverunt,
2027 2516 2063 2546 ut
2080 2524 2176 2547 nemo

1145 2564 1318 2605 procedere
1330 2567 1458 2605 posset:
1474 2573 1574 2605 quare
1590 2564 1711 2603 omnia,
1726 2572 1800 2605 quae
1815 2563 1929 2604 frigida
1944 2563 2047 2594 erant.
2063 2564 2176 2594 Lacra-

1145 2611 1224 2643 tidis
1236 2611 1368 2644 nomine
1383 2612 1652 2653 insigniebantur.

1631 2677 1694 2710 84.

1188 2729 1308 2762 Audivi
1324 2730 1424 2762 fuisse
1441 2739 1536 2762 canes
1551 2730 1757 2762 dominorum
1773 2728 1868 2760 valde
1883 2731 2045 2768 amantes,
2063 2727 2175 2769 quales

1146 2777 1287 2810 habebat
1303 2778 1509 2818 Xanthippus
1531 2777 1659 2817 Ariphri
1690 2776 1785 2807 lilius.
1804 2777 1913 2812 Quum
1941 2775 2027 2807 enim
2055 2775 2175 2816 ingenti

1147 2826 1231 2858 bello
1255 2828 1425 2858 Persarum
1451 2826 1485 2857 in
1506 2825 1662 2857 Graeciam
1686 2824 1934 2862 exardescente,
1962 2823 2174 2856 Athenienses

1150 2874 1273 2905 oraculi
1285 2875 1389 2914 Jussu,
1406 2873 1514 2904 relicta
1530 2872 1645 2913 patria,
1662 2871 1695 2903 in
1709 2871 1844 2902 classem
1856 2870 2087 2911 demigrarunt,
2102 2872 2174 2903 tum

1148 2922 1300 2962 huJusce‚
1317 2929 1414 2961 quem
1430 2920 1528 2951 modo
1545 2918 1730 2956 nominavi,
1746 2927 1842 2950 canes
1866 2927 1931 2949 una
1946 2927 2022 2950 cum
2040 2918 2174 2950 domino

1150 2968 1386 3000 transmittente
1403 2967 1464 3008 ipsi
1480 2976 1519 2999 ex
1539 2967 1643 2998 Attica
1665 2966 1698 2997 in
1712 2965 1873 2997 Salamina
1885 2965 2027 2998 natando
2045 2966 2174 3005 trajece-

1148 3017 1233 3047 runt.
1253 3016 1331 3047 Haec
1344 3014 1487 3046 referunt
1502 3013 1690 3045 Aristoteles
1702 3015 1735 3045 et
1751 3012 1973 3045 Philochorus.

1189 3131 1346 3163 Theorica
1367 3133 1456 3162 erant
1479 3129 1623 3171 pecuniae
1631 3079 1793 3170 8p511blicae,
1817 3138 1835 3162 e
1853 3129 1994 3162 civitatis
2016 3130 2174 3163 reditibus

1149 3182 1269 3211 coactae
1285 3188 1292 3209 ε
1310 3186 1384 3218 quae
1398 3178 1476 3209 olim
1492 3177 1532 3209 ad
1549 3176 1680 3209 bellicos
1701 3178 1851 3218 sumptus
1866 3177 2105 3218 reponebantur
2115 3201 2125 3216 ,
2141 3179 2175 3210 et

1148 3226 1302 3258 militares
1315 3225 1423 3263 dictae,
1435 3224 1494 3256 sed
1506 3224 1657 3266 deinceps
1667 3224 1700 3256 in
1714 3226 1904 3266 apparatum
1917 3225 2175 3267 spectaculorum

1148 3280 1181 3311 et
1196 3277 1439 3310 distributiones
1450 3277 1709 3317 conserebantur,
1720 3285 1858 3318 quarum
1875 3278 1988 3310 auctor
1997 3280 2066 3310 erat
2078 3280 2175 3318 Agyr-

1148 3326 1238 3357 rhius
1254 3325 1459 3366 demagogus.
