2320 3684
163 191 234 224 164

158 269 216 308 ἐπὶ
245 266 484 310 Δευκαλίωνος
506 263 753 315 κατακλυσμὸς
777 262 925 314 ἐγένετο.
949 266 1083 303 Τουτον
1102 264 1186 303 ἔνιοί

158 343 244 381 φασι
263 326 319 365 διὰ
335 325 400 373 τὴν
417 327 486 364 τῶν
507 322 683 365 Λυκάονος
708 321 842 360 παίδων
861 321 1065 361 δυσσέὸειαν
1084 338 1188 375 γεγε-

157 389 294 432 νησθαι.
313 383 503 435 2Εὔμηλος
520 381 555 419 δὲ
574 380 634 419 καί
650 396 739 423 τινες
752 378 861 433 ἕτεροι
874 379 1015 432 λέγουσι
1033 381 1188 420 Λυκάονι

158 443 217 482 καὶ
249 441 423 502 θυγατέρα
450 438 639 479 Καλλιστω
664 437 836 490 γενέσθαι.
856 438 1016 483 Ἡσίοδος
1040 438 1103 490 μὲν
1120 439 1187 494 γὰρ

159 502 268 549 αὐτὴν
292 501 373 552 μίαν
392 503 480 537 εἶναι
497 500 566 536 τῶν
587 499 745 551 Νυμφων
762 496 879 549 λέγε,
847 513 857 535 ι
897 494 1013 542 Ἄσιος
1039 497 1075 536 δὲ
1109 500 1188 539 Νυ-

159 559 287 607 κτέως,
291 554 555 631 fl'fipexffi‘tzcffi
567 555 723 603 Κητέως.
744 555 863 604 3Αῧτη
884 555 1051 611 σύνθηρος
1072 557 1189 611 Ἀρτέ-

159 620 256 669 μιδος
271 621 378 665 οὐσα,
392 615 455 663 τὴν
473 614 611 663 αὖτὴν’
596 615 710 668 εκείνῃ
722 614 849 663 στολὴν
864 619 1038 669 φοροῦσα,
1050 614 1186 668 ὤμοσεν

158 678 246 728 αὐτῇ
269 682 385 727 μεῖναι
416 673 599 728 παρθένον.
622 675 638 700 4
653 673 741 718 Ζευς
772 673 827 724 δὲ,
853 675 1027 728 ἐρασθεὶς,
1054 674 1186 729 ἀκούσῃ

158 734 420 780 συνευνάζεται,
441 732 630 780 εἰκασθεὶς,
652 734 698 776 ὡς
718 731 820 784 μὲν”
800 748 884 771 ενιοι
907 731 1081 785 λέγουσιν,
1102 733 1188 788 Ἀρ-

156 792 286 843 τέμιδι,
306 794 353 836 ὥς
370 791 406 830 δὲ
423 790 520 840 ἔνιοι,
539 790 745 830 Ἀπόλλωνι.
765 790 1004 843 ὗΒουλόμενος
1018 791 1054 830 δὲ
1069 791 1187 847 ἽΙραν

157 853 287 899 λαθεῖν,
319 853 366 895 εἷς
402 850 528 905 ἄρκτον
568 849 835 904 μετεμόρφωσεν
870 850 991 897 αὐτήν.
1020 849 1068 889 ’Ἤ
1076 866 1119 904 ρα
1151 850 1188 889 δὲ

158 909 298 948 ἔπεισεν»
328 909 510 963 Ἄρτεμιν,
543 910 590 952 ὡς
621 908 740 963 ἄγριον
774 908 891 963 θηρίον
923 908 1187 954 κατατοξεῦσαι.

157 981 173 1003 o
183 967 264 1007 Εἰσὶ
282 967 318 1006 δὲ
335 970 367 1006 οἱ
381 966 552 1019 λέγοντες,
566 969 612 1011 ὡς
627 966 668 1006 ”A
675 982 793 1020 ρτεμις
803 966 910 1014 αὐτὴν
931 966 1187 1016 κατετόξευσεν,

157 1025 282 1074 ὅτιτὴν
297 1026 485 1081 παρθενίαν
500 1020 563 1064 οὒκ
577 1024 1030 1080 ἐφύλαξεν.7Ἀπολομένης
1038 1025 1074 1064 δὲ
1086 1027 1188 1065 Καλ-

157 1086 296 1130 λιστοῦς
316 1087 404 1130 Ζεὺς
421 1085 462 1124 τὸ
480 1084 604 1139 βρέφος
614 1085 795 1139 ἁρπάσας,
813 1087 848 1124 ἐν
862 1085 898 1124 ’A
906 1086 1030 1140 ρκαδίᾳ
1048 1085 1187 1124 δίδωσιν

158 1143 362 1198 ἀνατρέφειν
385 1142 504 1197 Μαίᾳ,
531 1142 815 1197 προσαγορεύσας
854 1143 1031 1197 Ἀρκάδα·
1059 1143 1123 1191 τὴν
1152 1143 1188 1182 δὲ

158 1202 349 1242 Καλλιστὼ
367 1201 623 1255 καταστερίσας
639 1202 803 1242 ἐκάλεσεν
822 1202 981 1256 Ἄρκτον.

510 1327 759 1358 ΚΕΦΑΛΑΙΟΝ
782 1326 833 1358 Θ’.

212 1385 224 1407 s
213 1386 265 1437 1)
286 1384 454 1438 Ἀρκάδος
485 1384 521 1422 δὲ
550 1384 609 1422 καὶ
628 1382 818 1437 Λεανείρας
844 1384 905 1429 τ’ῆς
940 1381 1136 1434 Ἀμύκλου,
1167 1380 1189 1428 ἢ

157 1443 314 1495 Μεγανε’
285 1459 378 1498 ειρας
408 1446 470 1490 τῆς
504 1441 710 1496 Κρόκωνος,
737 1444 784 1485 ὡς
818 1440 854 1479 δὲ
881 1440 1047 1492 Εὔμηλος
1073 1439 1190 1492 λέγει,

157 1503 296 1557 νύμφης
316 1501 597 1562 Χρυσοπελείας,
624 1500 784 1552 ἐγένοντο
809 1501 912 1538 παῖδε
914 1516 930 1543 ς
954 1499 1001 1539 F
1003 1501 1106 1543 λατος
1131 1500 1191 1538 καὶ

157 1560 329 1633 Ἀφείδας.
337 1555 543 1607 2Οὑτοιτὴν
553 1563 617 1611 γῆν
637 1559 855 1613 ἐμερίσαντο,
873 1558 912 1597 τὸ
930 1557 967 1597 δὲ
980 1565 1050 1597 πᾶν
1067 1558 1193 1612 κράτος

157 1624 250 1672 εἶχεν
268 1617 437 1663 Ἔλατος·
455 1618 525 1662 ὅς’
510 1634 550 1657 εκ
570 1618 747 1666 Λαοδίκης
766 1633 828 1664 της
851 1616 1002 1671 Κινύρου
1020 1617 1192 1671 Στύμφα-

156 1680 216 1716 λον
235 1693 294 1715 και
313 1675 432 1730 Περέα
459 1682 595 1724 τεκνοῖ,
618 1676 775 1730 Ἀφείδας
794 1674 830 1713 δὲ
847 1675 966 1714 Ἄλεον
988 1674 1048 1713 καὶ
1066 1674 1192 1714 Σθενέ-

159 1736 310 1785 ὃοιαν,
290 1749 332 1783 ην
353 1741 459 1787 γαμεῖ
480 1737 641 1789 Προῖτος.

212 1795 229 1820 3
239 1793 358 1834 Ἀλεου
383 1793 419 1831 δὲ
439 1794 498 1831 καὶ
521 1793 669 1847 Νεαίρας
689 1796 753 1840 τῆς
772 1791 932 1847 Περέως,
952 1790 1106 1846 θυγάτηρ
1127 1791 1190 1843 μὲν

157 1852 279 1904 Αὔγη,
297 1851 364 1890 υἱοι
382 1850 418 1890 δὲ
437 1850 579 1905 Κηφευς
599 1866 657 1889 και
675 1853 886 1904 Λυκουργος.
895 1849 1022 1902 4Αὔγη
1048 1850 1092 1901 μὲ
1077 1866 1111 1888 ..ν
1133 1854 1191 1889 οὖν

157 1912 214 1967 υφ’
233 1910 449 1965 Ηρακλέους
468 1912 655 1970 φθαρεῖσα,
670 1908 868 1963 κατέκρυψε
884 1908 924 1947 τὸ
946 1908 1101 1963 βρέφος’
1086 1924 1120 1947 εν
1141 1925 1191 1962 τῳ

156 1970 370 2023 τεμένειτῆς
387 1970 590 2017 Ἀθηνᾶς,ἡ
594 1985 609 2012 ς
568 1963 699 2020 ἡεῖχε
711 1967 775 2015 τὴν
793 1966 997 2022 ἱερωσύνην.
1018 1967 1192 2020 Ακάρπου

158 2030 196 2069 δὲ
216 2033 279 2076 τῆς
300 2032 365 2081 γῆς
386 2028 575 2080 μενούσης,
594 2028 653 2066 καὶ
684 2026 886 2079 μηνυόντων
919 2029 988 2065 τῶν
1019 2042 1191 2081 χρησμων

157 2084 246 2128 εἷναί
262 2105 296 2127 τι
313 2090 347 2127 ἐν
362 2090 413 2142 τῷ
429 2086 569 2139 τεμένει
589 2103 652 2134 της
669 2087 814 2134 Ἀθηνᾶς
831 2084 1058 2136 δυσσέὸημα,
1076 2101 1194 2139 φωρα-

158 2152 256 2187 θεῖσα
276 2147 343 2186 ὓπὸ
358 2151 419 2186 τοῦ
439 2146 588 2200 πατρὸς,
608 2144 783 2200 παρεδόθη
809 2145 983 2198 Ναυπλίῳ
1002 2144 1059 2183 ἐπὶ
1083 2145 1192 2185 θανά-

157 2222 226 2260 τῳ·
244 2206 328 2259 παρ’
349 2200 389 2244 οἷ
408 2204 565 2259 Τεύθρας
585 2208 603 2243 ὁ
623 2205 755 2244 Μυσῶν
779 2203 951 2251 δυνάστης
976 2202 1192 2257 παραλαὸὼν

159 2265 267 2313 αὐτὴν
277 2265 422 2339 ἔφθειρε.
433 2267 448 2290 5
458 2264 511 2304 Τὸ
521 2263 557 2302 δὲ
573 2263 696 2319 βρέφος
710 2262 845 2302 ἐκτεθὲν
860 2265 894 2301 ἐν
907 2263 978 2317 ὄρει
996 2263 1192 2316 Παρθενίῳ,

160 2324 270 2372 Θηλὴν
301 2322 526 2376 ὑποσχούσης
561 2323 711 2377 ἐλάφου,
742 2322 903 2376 Τηλεφος
940 2322 1083 2369 ἐκλήθη.
1120 2322 1191 2361 Και

160 2383 300 2454 τραφεὶς
318 2382 385 2421 ὑπὸ
402 2385 471 2420 τῶν
490 2381 648 2436 Κορύθου
667 2381 857 2434 βουκόλων,
875 2380 934 2419 και
950 2379 1103 2428 ζητήσας
1115 2379 1194 2424 τους

159 2441 294 2493 γονέας,
313 2445 397 2488 ἡκεν
418 2443 465 2485 εἷς
482 2440 647 2495 Δελφούς.
659 2440 755 2485 ssKou.
772 2439 892 2491 μαθὼν
911 2438 1007 2493 παρὰ
1026 2454 1087 2477 του
1103 2441 1193 2488 θεου,

159 2499 438 2555 παραγενόμενος
469 2503 518 2543 εἷς
553 2499 707 2548 Μυσίαν,
736 2498 830 2542 θετὸς
855 2504 937 2541 παῖς
974 2497 1194 2551 Ιεύθραντος

160 2560 312 2612 γίνεται,
337 2559 398 2597 καὶ
425 2560 656 2602 τελευτωντος
685 2561 790 2596 αὐτου
816 2557 976 2610 διάδοχος
1000 2559 1062 2603 τῆς
1082 2557 1194 2595 δυνα-

162 2619 277 2663 στείας
295 2618 440 2670 γίνεται.

217 2679 271 2730 (2)
290 2676 493 2731 Λυκούργου
519 2676 556 2715 δὲ
582 2677 642 2715 καὶ
680 2676 895 2731 Κλεοφίλης,
926 2673 1194 2729 ἢΕὐρυνόμης,

162 2738 321 2789 Ἀγκαῖος
352 2736 412 2775 καὶ
435 2735 594 2788 ’Έποχος
621 2736 681 2774 καὶ
714 2735 936 2789 Ἀμφιδάμας
967 2734 1026 2772 καὶ
1063 2732 1191 2777 Ἴασος.

163 2801 179 2825 2
192 2795 473 2850 Ἀμφιδάμαντος
482 2794 518 2833 δὲ
533 2795 733 2834 Μειλανίων
748 2795 807 2832 καὶ
818 2794 971 2845 θυγάτηρ
986 2792 1194 2845 Ἀντιμάχη,

163 2854 205 2901 ἣν
228 2853 425 2908 Εὐρυσθεὺς
454 2853 598 2906 ἔγημεν.
625 2854 741 2892 Ἰάσου
772 2852 808 2891 δὲ
832 2853 892 2891 καὶ
922 2850 1111 2902 Κλυμένης
1133 2854 1195 2898 τῆς

164 2913 300 2951 Μινύου
321 2914 546 2960 Ἀταλάντη
531 2912 680 2965 εγένετο.
699 2912 842 2960 Ταύτης
858 2915 876 2951 ὃ
891 2910 1025 2965 πατὴρ,
1041 2909 1194 2964 ἀῤῥένων

164 2972 298 3010 παίδων
314 2974 528 3023 ἐπιθυμῶν,ε
514 2972 672 3020 ἐξέθηκεν
688 2972 814 3019 αὐτήν·
809 2971 980 3045 ’ἄρκτος
993 2969 1029 3008 δὲ
1041 2984 1196 3023 φοιτωσα

165 3031 334 3073 πολλάκις
351 3031 459 3078 θηλὴν
483 3031 616 3079 ἐδίδου,
639 3030 763 3085 μέχρις
791 3033 831 3068 ου
863 3028 1018 3083 εὑρόντες
1049 3026 1195 3078 κυνηγοὶ

166 3089 249 3141 παρ’
268 3092 435 3133 ἑαυτοῖς
417 3089 615 3143 ανέτρεφον.
634 3088 763 3128 Τελεία
785 3087 821 3126 δὲ
840 3087 1033 3135 Ἀταλάντη
1052 3084 1197 3138 γενομέ-

167 3163 230 3195 νη,
258 3147 427 3200 παρθένον
461 3148 587 3195 ἑαυτὴν
620 3147 810 3201 ἐφύλαττε,
846 3163 905 3185 και
937 3145 1130 3200 θηρεύουσα
1160 3146 1195 3183 ἐν

171 3206 300 3259 ἐρημίᾳ
326 3207 599 3257 καθωπλισμενη
636 3205 793 3245 διετελει.
814 3206 1001 3251 Βιάζεσθαι
1020 3203 1057 3243 δὲ
1088 3203 1195 3251 αὐτὴν

173 3266 425 3318 ἐπιχειροῦντες
442 3265 634 3318 Κένταυροι
647 3265 783 3308 Ῥοῖκος
799 3265 858 3303 καὶ
880 3265 1197 3314 Ἱ’λαῖος,κατατο-

172 3322 343 3367 ξευθέντες
362 3323 419 3360 ὑπ’
443 3324 549 3369 αὐτῆς
574 3323 758 3362 ἀπέθανον.
781 3323 1025 3376 4Παρεγένετο
1043 3324 1078 3361 δὲ
1109 3322 1197 3374 μετὰ

173 3385 240 3420 τῶν
262 3381 376 3420 ἄλλων
392 3380 560 3434 ἀριστέων
581 3382 638 3419 καὶ
653 3382 710 3419 ἐπὶ
728 3382 786 3420 τὸν
807 3381 1031 3421 Καλυδώνιον
1050 3381 1196 3435 κάπρον·

746 179 1121 218 ΑΠΟΛΛΟΔΩΡΟΥ
1150 179 1496 219 ΒΙΒΛΙΟΘΗΚΗΣ
1524 182 1566 229 Γ,
1594 181 1631 228 θ,
1664 178 1695 218 ι’.

1246 276 1404 311 diluvium
1417 280 1626 310 consecutum
1633 279 1693 310 est.
1705 278 1799 315 Quod
1807 278 1953 310 nonnulli
1966 279 2123 321 Lycaonis
2132 278 2175 311 oh
2187 278 2269 313 lilio-

1246 345 1319 368 rum
1331 337 1530 379 impietatem
1543 337 1664 369 sactum
1675 345 1746 368 esse
1760 336 1881 368 dicunt.
1893 337 2068 370 2Eumelus
2083 346 2158 370 vero
2171 339 2204 370 et
2216 337 2270 370 alii

1247 394 1379 434 quidam
1395 397 1576 435 Lycaonem
1591 396 1683 436 ajunt
1698 394 1795 426 filiam
1809 403 1939 435 quoque
1953 394 2103 427 habuisse
2115 394 2270 434 Callist03

1247 463 1346 499 quam
1366 455 1498 495 quidem
1524 455 1685 487 Hesiodus
1709 463 1807 486 unam
1829 463 1846 486 e
1868 454 2027 495 Nymphis
2049 462 2119 486 esse
2139 455 2249 486 censet
2261 475 2270 492 ,

1246 512 1344 543 Asius
1357 514 1463 544 autem
1477 512 1599 553 Nyctei,
1608 514 1640 544 et
1652 512 1849 552 Pherecydes
1863 512 1950 544 Cetei
1961 511 2070 542 filiam.
2082 512 2181 543 ³Hoec
2195 517 2272 541 cum

1246 571 1349 602 Diana
1355 570 1494 603 venandi
1509 571 1616 603 studio
1630 579 1664 603 se
1671 571 1844 611 oblectans,
1853 571 2030 610 eademque
2039 578 2102 611 qua
2112 569 2173 601 dea
2181 570 2272 601 veste

1247 628 1372 669 induta,
1390 637 1424 661 se
1434 629 1647 670 virginitatem
1661 630 1691 662 ei
1702 632 1965 662 conservaturam
1975 637 2046 661 esse
2049 627 2182 669 iuravit.
2190 629 2272 660 ⁴Ve·

1246 695 1320 719 rum
1336 687 1434 728 hujus
1447 696 1556 721 amore
1568 690 1682 729 captus
1697 688 1836 729 Jupiter,
1850 688 1996 720 assumta
2010 686 2133 726 Dianae,
2149 686 2186 718 ut
2197 683 2274 717 non-

1247 745 1328 777 nulli
1348 745 1475 786 i'erunt,
1494 747 1564 779 sive
1582 747 1762 779 secundum
1788 746 1947 787 quosdam
1969 745 2125 786 Apollinis
2155 744 2271 784 forrna,

1247 802 1383 834 invitam
1393 803 1595 844 compressit.
1604 808 1618 826 ὅ
1627 803 1722 841 Quod
1731 812 1832 844 quum
1840 805 1859 836 J
1863 811 2002 836 unonem
2007 802 2110 835 celare
2117 800 2272 841 studeret,

1248 859 1336 891 illam
1353 860 1387 891 in
1404 868 1512 892 ursam
1527 860 1767 893 transmutavit.
1785 860 1849 893 Sed
1862 862 1951 892 Juno
1967 859 2079 892 Dianae
2094 858 2272 900 persuasit,

1248 920 1286 949 ut
1295 926 1366 950 eam
1377 919 1543 959 tamquam
1554 918 1695 950 belluam
1704 919 1803 951 feram
1816 918 1942 959 sagittis
1955 918 2153 950 confoderet.
2170 921 2185 940 ὅ
2193 917 2276 949 Sunt

1248 976 1345 1008 etiam
1364 976 1420 1017 qui
1433 985 1453 1008 a
1464 977 1569 1008 Diana
1586 985 1656 1009 eam
1665 977 1865 1009 interfectam
1883 976 1992 1008 dicant
2008 977 2175 1017 propterea
2188 974 2276 1016 quod

1248 1033 1465 1074 virginitatem
1500 1043 1566 1066 non
1597 1035 1830 1067 conservasset.
1843 1039 1855 1058 ⁷
1864 1036 1944 1072 Quae
1977 1035 2151 1075 postquam
2163 1033 2276 1075 periit,

1250 1093 1379 1133 Jupiter
1407 1092 1578 1134 abreptum
1595 1093 1752 1125 infantem
1768 1093 1801 1124 in
1818 1093 1956 1125 Arcadia
1977 1092 2072 1125 Maiae
2095 1092 2186 1125 dedit
2200 1100 2276 1124 enu-
2312 1126 2315 1129 ,

1250 1151 1411 1183 triendum
1441 1151 1534 1191 eique
1549 1151 1666 1183 Arcadi
1681 1160 1799 1183 nomen
1826 1151 2002 1192 imposuit;
2018 1151 2150 1184 Callisto
2165 1153 2274 1183 autem

1250 1212 1333 1243 inter
1348 1213 1434 1242 astra
1458 1211 1647 1242 collocatam
1660 1210 1841 1243 nominavit
1859 1212 1987 1242 Ursam.

1655 1322 1792 1353 CAPUT
1813 1322 1869 1354 IX.

1294 1379 1340 1421 (1)
1363 1382 1414 1412 Ex
1444 1380 1566 1412 Arcade
1578 1380 1611 1412 et
1626 1379 1761 1412 Leanira
1773 1379 1935 1420 Amyclae,
1953 1380 2011 1412 aut
2025 1378 2187 1420 Meganira
2201 1380 2277 1412 Cro-

1252 1445 1344 1476 conis
1361 1443 1436 1483 filia,
1454 1446 1490 1475 ut
1505 1452 1583 1476 vero
1599 1442 1755 1475 Eumelus
1770 1441 1826 1482 ait,
1847 1450 1888 1474 ex
1901 1441 2043 1482 nympha
2055 1438 2277 1483 Chrysopelia,

1252 1494 1406 1541 natisunt
1417 1508 1530 1540 Elatus
1545 1510 1577 1540 et
1587 1507 1741 1549 Aphidas.
1756 1506 1820 1539 ειΗὶ
1835 1507 1954 1538 terram
1964 1505 2072 1547 partiti
2087 1506 2175 1546 sunt,
2192 1513 2278 1537 sum-

1251 1581 1343 1604 mum
1359 1575 1467 1605 autem
1479 1572 1651 1613 imperium
1669 1571 1729 1603 fuit
1742 1580 1840 1612 penes
1854 1571 1982 1602 Elatum
1993 1594 2003 1610 ,
2017 1569 2072 1611 qui
2085 1578 2125 1602 ex
2141 1568 2279 1602 Laodice

1252 1640 1382 1680 Cinyrae
1394 1639 1459 1671 lilia
1477 1638 1701 1680 Stymphalum
1714 1638 1815 1679 gignit
1830 1639 1862 1670 et
1875 1638 2010 1669 Pereum
2018 1646 2028 1676 3
2045 1635 2188 1678 Aphidas
2200 1643 2279 1668 vero

1252 1704 1366 1737 Aleum
1381 1706 1414 1736 et
1426 1702 1666 1743 Sthenoboeam‚
1681 1711 1778 1743 quam
1792 1701 1886 1733 duxit
1901 1702 2040 1733 Proetus.
2083 1708 2091 1714 ·

1294 1793 1414 1825 ³Aleus
1429 1801 1469 1824 ex
1482 1793 1609 1830 Neaera,
1623 1790 1726 1830 Perei,
1743 1789 1840 1821 filiam
1856 1788 2038 1831 procreavit
2050 1790 2179 1828 Augen,
2194 1786 2280 1818 filios

1252 1853 1418 1893 Cepheum
1433 1854 1466 1884 et
1483 1853 1678 1892 Lycurgum.
1695 1851 1807 1889 ⁴Auge
1822 1848 1863 1881 ab
1879 1846 2137 1881 Herculevitiata
2150 1849 2280 1887 partum

1253 1910 1470 1952 occultaviun
1483 1909 1602 1950 templo
1614 1909 1780 1947 Minervae,
1791 1908 1842 1948 cuj
1847 1915 1885 1939 us
1895 1905 2033 1938 habebat
2043 1904 2272 1937 sacerdotium.

1253 1969 1316 2001 Sed
1331 1976 1433 2009 quum
1448 1970 1533 1999 terra
1551 1966 1719 1999 sterilitate
1735 1965 1890 1997 continuo
1913 1962 2074 1995 laboraret
2094 1964 2192 2002 atque
2210 1969 2280 1993 ora-

1253 2028 1335 2060 culis
1350 2026 1547 2059 indicaretur
1562 2025 1660 2056 latere
1675 2024 1709 2055 in
1722 2023 1876 2056 Minervae
1890 2021 2012 2063 templo
2027 2020 2166 2062 impium
2179 2019 2281 2060 quod-

1253 2087 1340 2127 dam,
1357 2085 1555 2126 deprehensa
1569 2083 1701 2115 demum
1717 2091 1736 2114 a
1750 2083 1841 2123 patre
1856 2065 1963 2122 pu⁰ella
1979 2079 2021 2111 ad
2036 2086 2148 2111 necem
2163 2077 2282 2110 tradita

1252 2149 1302 2178 est
1317 2145 1466 2186 Nauplio.
1485 2146 1516 2176 Is
1530 2143 1619 2175 dedit
1635 2150 1706 2174 eam
1730 2139 1919 2173 Teuthranti
1937 2138 2003 2179 regi
2021 2140 2206 2179 Mysorum,
2222 2136 2280 2179 qui

1253 2212 1323 2236 eam
1348 2201 1566 2235 concubinatu
1584 2199 1647 2232 sihi
1671 2198 1790 2240 junxit.
1806 2197 1939 2230 ⁸1nfans
1953 2204 2032 2228 vero
2054 2195 2086 2228 in
2107 2193 2281 2227 Parthenio

1253 2265 1362 2294 monte
1378 2260 1559 2302 expositus,
1575 2259 1652 2300 quia
1665 2266 1760 2290 cerva
1776 2263 1936 2288 mammas
1948 2255 1978 2287 ei
1993 2253 2163 2296 praeberet,
2178 2252 2281 2285 nomi·

1254 2324 1348 2353 natus
1363 2322 1414 2352 est
1430 2319 1601 2360 Telephus.
1623 2317 1686 2355 Qui
1702 2316 1817 2348 deinde
1839 2324 1858 2347 a
1878 2314 2012 2355 Corythi
2033 2313 2185 2345 bubulcis
2202 2321 2280 2345 enu-

1254 2381 1361 2419 tritus,
1382 2381 1418 2412 ut
1434 2380 1583 2420 parentes
1601 2385 1678 2408 suos
1695 2376 1863 2416 quaereret,
1879 2353 1968 2405 &nit
1983 2371 2145 2413 Delphos,
2164 2373 2282 2412 eatque

1254 2441 1385 2480 accepto
1401 2447 1419 2470 a
1433 2438 1493 2470 deo
1510 2444 1684 2477 responso,
1703 2434 1866 2474 profectus
1884 2433 1934 2464 est
1960 2431 1994 2463 in
2009 2430 2163 2471 Mysiam,
2185 2428 2242 2462 ubi
2262 2437 2283 2461 a

1253 2498 1452 2530 Teuthrante
1465 2495 1639 2537 adoptatus
1649 2494 1709 2533 est,
1724 2493 1817 2534 eique
1827 2491 1979 2524 defuneto
1992 2489 2080 2531 regni
2095 2489 2198 2521 haeres
2211 2495 2282 2520 suc·

1253 2557 1360 2589 cessit.

1297 2696 1343 2737 (2)
1366 2698 1392 2727 E
1423 2697 1570 2735 Lycurgo
1592 2695 1625 2725 et
1649 2691 1815 2732 Cleophile
1830 2690 1899 2723 sive
1919 2691 2106 2730 Eurynome
2121 2685 2189 2719 nati
2203 2686 2281 2718 sunt

1255 2767 1411 2802 Ancaeus,
1427 2762 1596 2803 Epochus‚
1625 2758 1856 2799 Amphidamas
1868 2780 1878 2796 ‚
1897 2758 2002 2788 Iasus.
2022 2756 2095 2786 2Ex
2111 2751 2283 2793 Amphida-

1255 2836 1363 2866 mante
1387 2831 1541 2865 Milanion
1563 2832 1595 2862 et
1623 2806 1815 2861 Antimache
1837 2826 1919 2865 filia,
1942 2833 2041 2866 quam
2064 2822 2159 2856 duxit
2179 2812 2291 2863 Eury-¹

1254 2903 1377 2936 stheus.
1392 2903 1442 2932 Ex
1459 2901 1532 2931 Iaso
1547 2900 1579 2930 et
1591 2897 1755 2936 Clymene,
1775 2895 1894 2935 Minyae
1906 2892 1982 2932 filia,
1999 2894 2075 2924 nata
2091 2891 2142 2923 est
2154 2888 2296 2922 Attalen-³

1255 2974 1301 3011 ta,
1314 2978 1411 3011 quam
1421 2970 1512 3010 pater
1522 2966 1676 2999 masculae
1687 2964 1786 3005 prolis
1806 2963 1944 3004 cupidus
1963 2959 2123 3002 exposuit.
2141 2961 2290 2992 ³verumv

1254 3049 1330 3073 ursa
1343 3039 1524 3080 frequenter
1536 3035 1575 3068 ad
1587 3043 1658 3067 eam
1674 3033 1830 3066 accedens
1842 3039 2002 3063 mammas
2014 3028 2188 3070 praebebat,
2202 3026 2283 3063 dum

1255 3110 1426 3143 venatores
1441 3108 1606 3139 inventam
1631 3103 1717 3145 apud
1746 3111 1781 3134 se
1807 3101 1992 3133 educarent.
2020 3098 2143 3131 Adulta
2166 3096 2290 3130 deinde·

1256 3179 1405 3214 Atalanta
1419 3176 1576 3217 virginem
1592 3182 1627 3206 se
1640 3171 1790 3205 servabat
1806 3172 1839 3202 et
1854 3168 2023 3201 armatam
2038 3167 2214 3200 solitudine
2231 3174 2291 3198 ves

1255 3249 1326 3282 nari
1338 3246 1556 3280 consueverat.
1577 3242 1639 3275 Cui
1652 3249 1753 3282 quum
1773 3239 1914 3271 Rhoecus
1938 3238 1970 3268 et
1985 3235 2117 3276 Hylaeus
2129 3223 2291 3268 centauri

1256 3320 1324 3353 vim
1332 3318 1449 3351 inferre
1460 3315 1589 3354 vellent,
1601 3313 1641 3345 ab
1648 3320 1686 3344 ea
1696 3309 1819 3350 sagittis
1830 3306 1970 3340 confossi
1978 3304 2130 3338 cecidere.
2139 3314 2153 3334 ι
2161 3300 2284 3337 Eadem

1256 3399 1331 3423 cum
1347 3387 1460 3421 ceteris
1472 3383 1672 3427 principibus
1687 3380 1755 3422 apri
1769 3377 1936 3419 calydonii
1951 3373 2114 3411 venationi
2126 3370 2280 3411 interfuit,
