2320 3684
161 211 238 245 2⁷2

161 302 307 339 terum,
333 292 504 330 Marxius
531 291 605 341 ait,
637 290 675 326 in
713 287 923 338 Apollonio
949 287 1077 325 Rhod.
1110 287 1184 337 987

159 351 329 390 occurrit
343 351 458 388 etiam
477 347 611 396 Χυτὸς,
632 346 740 397 λίμην
762 347 797 384 ἓν
819 345 982 398 Κυζίκῳ,
998 347 1054 384 uti
1069 346 1190 397 expli-

160 418 222 448 cat
242 410 370 449 Schol.
391 408 539 459 Ephori
568 419 662 444 vero
691 406 972 455 fragmentum,
1006 406 1188 443 collatum

160 482 248 507 cum
282 467 554 518 Xenophontis
588 465 736 503 Hellen.
761 467 809 511 V,
841 478 874 511 1,
898 465 961 511 31,
997 464 1189 515 pertinere

160 528 314 566 videtur
347 527 395 564 ad
428 524 631 563 formulam
668 522 793 573 paciS‚
831 523 956 573 legato
988 523 1189 561 Antalcida

159 585 277 633 factae,
299 597 464 636 quacum
489 584 587 620 forte
605 581 748 619 librum
769 584 878 620 XIX.
899 581 1129 619 terminavit.

635 642 721 678 137.

213 702 429 752 Stephanus
451 698 694 748 ιΦοινίκαιον,
724 697 802 752 ὄρος
835 697 1016 752 Κορίνθου.
1037 697 1191 752 Ἔφορος

158 758 468 812 ἐννεακαιδεκάτῳ.

213 819 319 856 Idem
349 832 357 855 :
384 817 507 870 Ἄργος
595 817 670 856 Καὶ
697 816 870 870 ἀργολίζω
905 819 1021 870 ῥῆμα,
1058 811 1097 855 οἷ
1125 816 1189 864 τὴν

160 876 313 929 μετοχὴν
338 876 491 930 Ἔφορος
521 875 824 930 ἐννεακαιδεκάτῃ.
843 880 889 915 V.
918 876 1190 928 Xenophontis

158 936 255 974 Hell.
275 939 319 974 V.
346 949 379 985 1,
403 936 465 974 fin.
487 944 526 974 et
541 950 563 973 2
586 936 669 974 init.

437 1065 591 1105 LIBER
617 1064 912 1105 VIGESIMUS.

212 1183 495 1234 Harpocration
510 1197 518 1220 :
535 1182 741 1220 Μαντινέων
755 1181 970 1233 Διοικισμός.
994 1181 1192 1236 Ἰσοκράτης

159 1242 194 1279 ἐν
216 1243 268 1294 τῷ
287 1241 366 1295 περὶ
388 1240 542 1294 Εἰρήνης
569 1240 650 1295 περὶ
672 1243 742 1279 τῶν
765 1238 1052 1292 Λακεδαιμονίων
1079 1239 1190 1291 λέγων

159 1299 256 1354 φησί·
279 1298 477 1343 Μαντινέας
498 1298 534 1337 δὲ
546 1297 724 1353 διῴκισαν.
735 1299 809 1339 Καὶ
822 1298 972 1353 Ἔφορος
986 1300 1021 1337 ἐν
1038 1301 1081 1350 τῇ
1102 1300 1193 1337 εἶκο-

159 1362 226 1411 στῇ
249 1374 368 1412 φησιν,
384 1357 438 1397 ὅτι
456 1360 504 1402 εἷς
525 1357 630 1397 πέντε
649 1357 771 1410 κώμας
796 1356 860 1405 τὴν
881 1357 1081 1396 Μαντινέαν
1105 1356 1190 1411 διῴ-

158 1433 260 1456 κισαν
282 1417 384 1457 πόλιν
403 1416 693 1468 Λακεδαιμόνιοι.
722 1420 817 1456 Cum
849 1417 1008 1468 Ephoro
1046 1416 1191 1454 faciunt

158 1477 320 1514 Diodor.
342 1480 429 1525 XV,
467 1476 488 1514 5
514 1484 551 1514 et
577 1475 716 1541 Strabo
748 1478 850 1524 VIII,
878 1488 916 1525 p
939 1476 1026 1526 5¹9·
1069 1475 1191 1513 Aliter

157 1536 390 1587 Xenophon.

635 1591 721 1630 139.

211 1653 428 1704 Stephanus
448 1667 456 1690 :
474 1650 688 1705 Ἐπαρίται,
707 1650 802 1694 ἔθνος
839 1650 1034 1704 Ἀρκαδίας.
1069 1650 1116 1691 ‘H
1153 1650 1190 1691 δὲ

156 1710 257 1755 πόλις
274 1713 386 1750 αὐτῶν
405 1709 561 1764 ’Έπαρις
590 1709 678 1759 ἔδει,
698 1711 764 1762 οὐχ
786 1709 929 1764 εὕρηται
959 1709 1008 1749 δέ.
1038 1710 1127 1764 Περὶ
1154 1709 1190 1749 δὲ

157 1773 217 1808 τοῦ
244 1769 359 1815 ἔθνους
382 1771 547 1822 Ξενοφῶν
562 1769 673 1820 (Hell.
683 1773 767 1818 VII,
790 1775 826 1818 4,
846 1771 908 1818 33,
925 1771 988 1822 36)
1007 1770 1066 1808 καὶ
1083 1769 1191 1824 Ἔφο-

158 1842 215 1881 ρος
233 1827 292 1866 καὶ
313 1826 526 1880 Ἀνδρωτίων
539 1826 654 1880 φησίν.

210 1887 425 1937 Stephanus
443 1885 695 1934 corrigendus
723 1893 761 1922 et
789 1886 1041 1936 explicandus
1061 1895 1119 1924 est
1142 1901 1190 1925 ex

158 1946 350 1995 Hesychio
366 1960 374 1982 ε
395 1943 613 1997 Ἐπαρόητοι
628 1974 638 1992 ,
657 1942 779 1995 τάγμα
796 1943 998 1997 Ἀρκαδικὸν
1019 1945 1190 1997 μαχιμώ-

157 2017 277 2055 τατον,
297 2003 356 2042 καὶ
376 2005 407 2041 οἱ
425 2002 523 2056 παρὰ
540 2002 683 2056 Ἀρκάσι
703 2001 865 2053 δημόσιοι
885 2001 1046 2056 φύλακες.

211 2122 437 2160 Plutarchus
456 2122 587 2182 Pelop.
603 2135 685 2173 cap.
711 2123 778 2159 16:
793 2119 870 2168 Τὴν
889 2120 924 2159 δὲ
946 2121 1057 2176 μόραν
1074 2122 1123 2162 F
1109 2138 1190 2176 φο-

160 2194 216 2233 ρος
233 2179 296 2231 μὲν
317 2179 444 2255 ἄνδρας
462 2183 551 2218 εἶναι
571 2179 839 2228 πεντακοσίους,
865 2179 966 2219 ἄλλοι
980 2181 1018 2219 δέ
1031 2197 1120 2225 τινες
1136 2183 1190 2220 ε’ν-

158 2233 413 2290 νακοσίους,ῗ
387 2254 435 2276 ων
455 2237 665 2283 Πολύὸιός’
650 2254 734 2277 εστι.

629 2391 717 2424 137.

201 2449 421 2482 Phoenicaeum
441 2473 449 2490 ,
472 2457 567 2480 mons
590 2449 750 2481 Corinthi.
783 2450 933 2491 Ephorus
961 2450 1187 2482 nonodecimo.

202 2499 313 2537 Argos.
333 2498 370 2529 In
387 2505 446 2528 usu
469 2498 566 2528 etiam
589 2497 639 2528 est
654 2497 789 2529 verbum
805 2498 970 2540 Ἀργολίζω
981 2521 990 2536 ,
1012 2498 1106 2538 cujus
1122 2507 1189 2539 par-

161 2543 307 2585 ticipium
321 2545 429 2576 exstat
447 2543 534 2585 apud
549 2543 716 2583 Ephorum
738 2543 821 2576 libro
836 2544 1062 2576 nonodecimo.

596 2596 767 2608 ⁴0-—

438 2634 591 2675 LIBER
618 2633 911 2674 VIGESIMUS.

635 2700 719 2733 138.

203 2756 456 2788 Mantinensium
469 2757 668 2790 dissociatio.
681 2758 839 2789 Isocrates
849 2756 882 2787 in
894 2755 1038 2788 oratione
1053 2757 1100 2787 De
1112 2764 1190 2796 pace

162 2805 203 2836 de
236 2805 493 2838 Lacedoemoniis
542 2806 704 2839 disserens
743 2805 872 2846 inquit:
900 2818 916 2832 «
930 2805 1126 2837 Mantineam
1155 2804 1189 2836 in

163 2852 252 2883 vicos
273 2851 496 2893 redegerunt»
524 2854 674 2894 Ephorus
697 2854 804 2884 autem
819 2851 903 2883 libro
929 2851 1085 2892 vigesimo
1116 2850 1191 2882 scri-

163 2897 212 2929 bit
235 2908 242 2929 :
266 2911 282 2926 «
296 2899 535 2932 Lacedaemonii
563 2899 816 2932 Mantinensium
840 2898 1007 2931 civitatem
1035 2898 1067 2929 in
1090 2905 1189 2939 pagos

163 2945 306 2985 quinque
323 2945 514 2978 diviserunt.
530 2959 546 2974 n

639 3005 726 3038 139.

210 3061 357 3101 Eparitae,
367 3063 506 3103 populus
516 3063 596 3104 (imo
611 3063 720 3095 tribus
731 3062 912 3102 militaris)
927 3061 1084 3101 Arcadiae,
1097 3062 1190 3102 cujus

166 3106 243 3138 urbs
266 3108 455 3148 appellanda
469 3111 583 3150 Eparis
594 3134 603 3150 ,
625 3110 682 3142 sed
696 3117 815 3141 nomen
828 3109 898 3149 ejus
924 3117 988 3140 non
1014 3108 1187 3141 invenitur.

167 3153 346 3230 Rgffl-(ffifflo
374 3156 570 3188 mentionem
588 3157 710 3188 faciunt
722 3155 912 3196 Xenophon,
925 3157 958 3187 et
971 3155 1121 3196 Ephorus
1132 3177 1142 3194 ,
1158 3157 1191 3187 et

636 3264 722 3297 140.

209 3320 342 3350 Moram
371 3321 688 3354 Lacedaemoniorum
704 3323 851 3364 Ephorus
867 3324 910 3354 ait
925 3322 1066 3354 militum
1089 3320 1177 3363 quin-

166 3367 335 3406 gentorum
351 3374 431 3406 esse,
444 3368 587 3399 nonnulli
606 3369 651 3408 (in
666 3369 786 3409 quibus
802 3372 851 3401 est
867 3369 1033 3410 Polybius)
1047 3378 1190 3410 nongen-

169 3415 285 3444 torum.

1214 1883 1224 3452 ,—.——-————————.—-————-———

940 201 1132 240 EPHORI
1161 201 1495 241 FRAGMENTA.

1302 289 1501 339 Ephorum
1530 289 1704 339 sequitur
1723 290 1921 328 Diodorus
1955 294 2038 340 XV,
2061 293 2108 330 32
2135 307 2144 330 :
2166 291 2213 332 Ὁ
2239 293 2276 332 δὲ

1249 345 1473 397 Ἀγησίλαος,
1498 346 1733 400 προσαγαγὼν
1764 347 1827 396 τὴν
1848 347 2008 400 δύναμιν,
2026 353 2110 397 ἡκεν
2137 352 2186 394 εἷς
2211 351 2276 399 τὴν

1249 404 1475 454 Βοιωτίαν,”
1457 421 1472 443 ε
1474 421 1547 458 χων
1572 406 1652 450 τους
1672 406 1893 468 σύμπαντας
1905 407 2121 460 στρατιώτας
2141 410 2278 454 πλείους

1248 465 1317 501 τῶν
1333 463 1465 517 μυρίων
1485 464 1774 517 ὀκτακισχιλίων·
1802 468 1850 503 ὡν
1870 469 1960 512 ἠσαν
1990 467 2276 518 Λακεδαιμονίων

1248 521 1352 560 πέντε
1383 529 1522 576 μοῖραι·
1554 522 1617 571 τὴν
1649 523 1686 562 δὲ
1715 530 1838 578 μοῖραν
1868 526 2128 578 ἀναπληροῦσιν
2161 526 2279 582 ἄνδρες

1248 579 1481 620 πεντακόσιοι.

1725 641 1810 680 141.

1302 703 1488 742 Aristides
1521 704 1725 742 Panathen.
1752 713 1777 742 t.
1799 709 1840 753 Ι,
1873 719 1910 756 p.
1938 720 2007 753 177
2033 706 2146 745 Jehb.
2167 708 2217 758 (t.
2243 709 2279 756 1,

1250 775 1286 813 p.
1300 764 1321 800 3
1330 776 1375 800 10
1389 761 1512 813 Cant.)
1526 776 1534 798 ι
1547 761 1729 801 Διονυσίου
1742 762 1810 816 γὰρ
1823 767 1884 802 τοῦ
1901 764 2064 809 Σικελίας
2078 766 2141 817 μὲν
2150 766 2281 818 τυράν-

1249 835 1328 870 νου,
1344 821 1484 859 πολλῶν
1505 819 1542 858 δὲ
1558 820 1617 858 καὶ
1634 823 1702 859 τῶν
1733 823 1768 859 ἐν
1795 822 1931 876 Ἰταλίᾳ
1949 822 2084 862 πόλεων
2105 823 2282 878 ἐπάρχον-

1249 894 1326 928 τος,
1351 881 1399 924 εἰς
1426 882 1506 917 νοῦν
1537 878 1803 931 ἒμὸαλλομένου
1825 880 2005 920 ἐπιθέσθαι
2025 885 2082 935 τῇ
2111 881 2282 932 Ἑλλάδι,

1250 940 1300 991 τῷ
1319 937 1425 990 μήκει
1442 940 1511 976 τῶν
1528 938 1694 989 πολέμων
1716 940 1947 992 κεκακωμένῃ
1961 971 1970 989 ,
1998 941 2059 979 καὶ
2086 945 2188 980 τοῦτο
2217 941 2281 993 μὲν

1250 996 1328 1040 τοὺς
1351 996 1557 1050 προσοίκους
1581 1002 1653 1040 τοῖς
1669 996 1826 1045 ἽΞλλησι
1851 999 2048 1053 βαρὸάρους
2073 1003 2283 1053 τεθεραπευ-

1250 1054 1350 1099 κότος
1366 1057 1406 1093 ἐκ
1425 1056 1577 1104 πολλοῦ,
1597 1059 1700 1094 τοῦτο
1723 1055 1760 1095 δὲ
1782 1060 1852 1095 τῶν
1873 1059 2020 1111 Περσῶν
2042 1058 2191 1110 βασιλέα
2211 1075 2282 1098 κα-

1250 1115 1408 1163 λοῦντος,
1428 1114 1488 1152 καὶ
1506 1118 1567 1152 τοῦ
1588 1114 1797 1168 πράγματος
1822 1115 1890 1163 ἤδη
1911 1115 2063 1165 ζέοντος,
2090 1117 2194 1170 ἔσχον
2218 1117 2282 1166 τὴν

1253 1179 1376 1224 πεῖραν
1399 1173 1588 1220 Ἀθηναίων
1613 1173 1804 1226 στρατηγοὶ
1824 1174 1904 1223 δύο,
1929 1177 1948 1213 ὁ
1967 1175 2031 1226 μὲν
2053 1174 2117 1219 τὰς
2135 1176 2205 1214 ἀπὸ
2221 1178 2282 1216 Σι-

1251 1231 1369 1274 κελίας
1389 1234 1473 1275 ναῦς
1490 1230 1757 1285 προσπλεούσας
1775 1232 1915 1276 ἁπάσας
1935 1233 2056 1272 λαὸὼν
2084 1235 2200 1279 αὐτοῖς
2222 1237 2284 1273 ἀν-

1252 1289 1388 1342 δράσιν,
1416 1293 1435 1328 ὁ
1459 1289 1495 1327 δὲ
1527 1290 1855 1342 καταναυμαχήσας
1891 1292 2188 1343 Λακεδαιμονίους
2225 1293 2283 1332 ἐπὶ

1251 1348 1425 1396 Λευκάδι,
1445 1347 1504 1386 καὶ
1520 1347 1584 1394 τὴν
1602 1347 1778 1386 θάλατταν
1793 1349 1838 1386 δι’
1855 1350 1961 1388 αὐτοῦ
1978 1351 2228 1402 ποιησάμενος.

1305 1407 1366 1444 Ad
1385 1407 1467 1444 haec
1482 1406 1601 1444 verba
1623 1407 1677 1445 sic
1701 1407 1827 1446 Schol.
1850 1411 1966 1447 Mser.
1982 1409 2157 1448 Leidens.
2178 1425 2188 1448 ι
2217 1410 2283 1450 Λέ-

1250 1480 1304 1517 γει
1338 1468 1400 1503 τοῦ
1433 1464 1592 1519 δευτέρου
1633 1465 1816 1504 Διονυσίου
1829 1481 1837 1490 ·
1871 1461 1970 1510 οἶτος
1987 1466 2054 1522 γὰρ
2075 1461 2160 1515 ἦλθε
2195 1471 2281 1521 βου-

1249 1523 1394 1575 λόμενος
1426 1522 1490 1575 μὲν
1529 1527 1580 1578 τῷ
1610 1523 1771 1576 σχήματι
1805 1526 2095 1576 Λακεδαιμονίοις
2112 1529 2283 1579 βοηθῆσαι

1238 1581 1342 1620 ,κατὰ
1360 1582 1564 1633 Ἀθηναίων7
1589 1585 1632 1635 τῇ
1661 1583 1690 1620 δ’
1712 1583 1858 1637 ἀληθείᾳ
1878 1582 2085 1635 βουλόμενος
2103 1584 2168 1633 τὴν
2195 1585 2283 1626 Ἑλ-

1249 1641 1340 1680 λάδα
1366 1640 1455 1692 μετὰ
1485 1646 1544 1679 τοῦ
1574 1640 1715 1695 Πέρσου
1746 1642 1974 1694 μερίσασθαι,
2002 1643 2134 1683 ἐκείνου
2162 1644 2280 1692 δηλώ-

1251 1715 1375 1743 σαντος
1395 1701 1510 1752 αὐτῷ,
1534 1702 1581 1743 ὡς
1599 1699 1751 1754 Ἔφορος
1765 1703 1907 1754 ἱστορεῖ.

1700 1765 1768 1802 141
1803 1779 1837 1803 a.

1303 1828 1439 1878 Polyb.
1456 1831 1549 1876 XII,
1571 1835 1591 1873 l,
1614 1843 1659 1867 a:
1678 1828 1828 1882 Ἐφόρου
1849 1828 1886 1867 δὲ
1911 1830 2142 1883 παλιλλογίαν
2172 1847 2281 1871 κατα-

1249 1885 1412 1941 ψεύδεται
1447 1886 1515 1939 (se.
1544 1886 1725 1939 Τίμαιος),
1757 1886 1898 1940 φάσκων
1930 1887 2044 1940 λέγειν
2082 1890 2199 1939 αὐτὸν,
2228 1890 2282 1930 ὅτι

1249 1945 1426 1988 Διονύσιος
1442 1948 1460 1984 ὁ
1475 1945 1707 2000 πρεσὸύτερος
1725 1946 1979 2000 παρελάμὸανε
1989 1946 2052 1995 τὴν
2066 1947 2179 2002 ἀρχὴν
2194 1950 2280 1988 ἐτῶν

1250 2003 1360 2043 εἴκοσι
1384 2006 1488 2058 τριῶν
1518 2005 1700 2058 ὑπάρχων,
1723 2006 1928 2057 βασιλεῦσαι
1957 2005 1994 2043 δὲ
2022 2006 2281 2060 τετταράκοντα

1249 2079 1310 2102 και
1329 2062 1408 2112 δυο,
1439 2062 1653 2115 μεταλλάξαι
1686 2063 1722 2102 δὲ
1746 2063 1804 2102 τὸν
1835 2064 1908 2116 βίον
1932 2065 2179 2118 προσλαὸόντα
2209 2072 2282 2110 τοῖς

1250 2121 1418 2169 ἑξήκοντα
1439 2122 1536 2184 τρία·
1560 2127 1663 2161 τοῦτο
1688 2121 1756 2175 γὰρ
1773 2123 1884 2168 οὐδεὶς
1907 2122 2042 2162 εἴποι
2023 2140 2065 2163 αν
2084 2124 2195 2172 δηπου
2218 2128 2279 2163 τοῦ

1251 2180 1477 2235 συγγραφέως
1499 2180 1642 2220 εἶναιτὸ
1658 2181 1870 2233 διάπτωμα,
1887 2185 1949 2221 τοῦ
1967 2181 2004 2221 δὲ
2016 2183 2175 2237 γραφέως
2197 2186 2280 2236 ὁμο-

1251 2240 1480 2292 λογουμένως.

1291 2439 1398 2475 Quum
1416 2437 1601 2478 Dionysius,
1619 2437 1734 2470 Siciliae
1748 2439 1924 2478 tyrannus,
1939 2437 2050 2470 multis
2065 2438 2164 2471 etiam
2176 2438 2278 2471 Italioe

1251 2484 1385 2516 urbibus
1393 2484 1702 2526 imperans‚Graeciae
1709 2485 1875 2526 potiundae
1882 2485 2051 2517 consilium
2058 2486 2194 2527 cepisset
2203 2485 2275 2518 belii

1250 2530 1464 2563 diuturnitate
1486 2531 1621 2564 defessae
1635 2554 1644 2571 ‚
1667 2533 1765 2572 atque
1784 2532 1951 2572 propterea
1972 2531 2118 2564 barbaris
2139 2531 2274 2564 Groecioe

1251 2576 1396 2609 finitimis
1413 2578 1551 2609 multum
1568 2578 1780 2617 inserviisset‚
1801 2578 1964 2619 simulque
1982 2580 2155 2611 Persarum
2171 2587 2276 2619 regem

1249 2624 1452 2660 adscisceret,
1461 2626 1493 2656 et
1508 2634 1558 2656 res
1571 2626 1638 2665 jam
1645 2628 1730 2658 esset
1743 2625 1776 2657 in
1794 2625 1990 2665 discrimine,
2005 2625 2183 2667 periculum
2196 2625 2276 2658 fece-
2308 2626 2311 2627 ’

1250 2673 1326 2701 runt
1339 2671 1583 2703 Atheniensium
1606 2671 1814 2712 imperatores
1831 2671 1908 2712 duo,
1926 2681 2066 2713 quorum
2083 2673 2162 2705 alter
2176 2679 2277 2704 naves

1250 2724 1290 2747 ex
1313 2716 1420 2748 Sicilia
1441 2717 1648 2750 advenientes
1670 2727 1735 2750 una
1760 2727 1837 2750 eum
1852 2718 1932 2750 viris
1947 2718 2055 2760 cepit,
2074 2719 2155 2751 alter
2170 2717 2275 2751 navali

1249 2763 1514 2796 Lacedaemonios
1539 2764 1578 2796 ad
1603 2765 1785 2797 Leucadem
1809 2765 1923 2807 proelio
1949 2765 2087 2807 devicit,
2113 2765 2282 2806 marisque·

1250 2808 1384 2849 imperio
1400 2810 1521 2850 potitus
1537 2811 1598 2842 est.

1290 2856 1448 2896 Loquitur
1468 2857 1508 2888 de
1524 2857 1682 2897 Dionysio
1698 2858 1852 2890 secundo.
1870 2858 1932 2890 Hic
1950 2858 2036 2891 enim
2062 2859 2153 2891 venit
2168 2857 2291 2900 specie

1250 2902 1381 2942 quidem
1406 2905 1442 2935 ut
1466 2904 1719 2936 Lacedaemoniis
1747 2907 1859 2936 contra
1881 2905 2092 2937 Athenienses
2117 2905 2272 2938 auxilium
2319 2930 2320 2935 ,

1250 2949 1365 2988 ferret,
1388 2959 1422 2981 re
1446 2952 1553 2982 autem
1570 2959 1646 2982 vera
1661 2953 1697 2982 ut
1713 2951 1872 2983 Graeciam
1894 2960 1969 2983 cum
1986 2954 2156 2984 Persarum
2178 2961 2272 2993 rege,
2318 2958 2320 2988 1

1249 2995 1304 3037 qui
1321 2996 1505 3036 consilium,
1515 2999 1551 3029 ut
1567 2998 1612 3029 ait
1626 2998 1788 3038 Ephorus,
1806 3007 1881 3030 cum
1897 2998 1952 3030 illo
1967 2999 2272 3039 communicaverat,

1249 3041 1417 3074 divideret.

1693 3085 1759 3123 141
1796 3096 1830 3123 a.

1291 3135 1457 3176 Ephorum
1470 3137 1576 3168 autem
1591 3136 1789 3168 mendaciter
1799 3136 1939 3168 traducit
1953 3138 2134 3179 (Timaeus),
2150 3141 2186 3171 ut
2199 3146 2271 3171 con·

1249 3182 1347 3214 traria
1359 3182 1420 3213 sibi
1433 3185 1628 3219 narrantem,
1645 3184 1721 3223 quia
1734 3183 1761 3214 is
1774 3183 1852 3214 dicit
1869 3185 2066 3224 superiorem
2079 3185 2289 3226 Dionysium

1250 3238 1352 3261 annos
1372 3232 1483 3260 natum
1498 3232 1563 3261 tres
1577 3238 1674 3270 supra
1695 3230 1809 3270 viginti
1824 3230 1994 3271 imperium
2014 3241 2205 3273 occupasse;
2222 3238 2280 3264 re·

1249 3276 1398 3317 gnavisse
1413 3279 1520 3308 autem
1539 3276 1632 3307 annis
1648 3275 1777 3308 duobus
1790 3279 1821 3308 et
1837 3278 2062 3319 quadraginta,
2078 3287 2162 3310 anno
2181 3277 2267 3310 deni·

1248 3331 1311 3364 que
1329 3323 1405 3355 vitae
1425 3331 1494 3355 suae
1510 3323 1603 3354 tertio
1622 3325 1654 3355 et
1677 3324 1876 3364 sexagesimo
1898 3327 2035 3357 mortem
2055 3325 2185 3358 obiisse.
2203 3325 2267 3357 Hu-

1246 3370 1389 3411 Jusmodi
1401 3369 1486 3402 enim
1503 3373 1670 3410 peccatum
1686 3379 1782 3402 nemo
1801 3371 1941 3403 historici
1967 3381 2038 3404 esse
2059 3372 2194 3412 dixerit,
2209 3369 2266 3405 sed

1250 3415 1379 3448 librario
1397 3416 1481 3448 liaud
1499 3416 1596 3449 dubie
1615 3417 1836 3458 imputaverit.
