2320 3684
756 161 1053 200 THEOPOMPI
1079 161 1411 214 ERAGMENTA.

25 249 129 292 σαλία
148 251 183 288 ἐν
207 249 442 303 Μεταποντίῳ
458 248 526 288 ὑπὸ
541 249 611 287 τῶν
629 249 665 286 ἐν
683 250 726 300 τῇ
750 249 861 301 ἀγορᾷ
882 247 1054 298 μάντεων,

2067 167 2140 200 309

1113 247 1174 286 καὶ
1194 250 1263 286 τῶν
1291 250 1431 302 χρυσῶν
1454 247 1690 300 ἀναθημάτων
1711 248 1944 302 ὓπερὸάλλειν
1967 247 2011 286 τὰ
2037 247 2145 302 μύρια

25 307 212 360 γενομένης
234 311 350 362 φωνῆς
369 310 409 346 ἐκ
426 310 488 354 τῆς
505 306 638 361 δάφνης
650 309 712 353 τῆς
733 307 882 359 χαλκῆς,
899 305 943 353 ἣν
959 305 1058 353 ἔστη-
1081 332 1086 354 1
1113 305 1281 346 τάλαντα.
1299 308 1414 346 Ἔνιοι
1433 309 1469 346 δε
1480 310 1548 346 τῶν
1568 306 1797 361 συγγραφέων
1813 307 1918 361 φασὶν
1930 309 1992 346 οὒκ
2011 306 2146 346 ἐλάττω

26 382 88 406 σαν
97 370 354 407 Μεταποντῖνοι
367 365 459 405 κατὰ
472 364 536 412 τὴν
546 364 705 419 Ἀριστέα
718 368 779 403 τοῦ
792 364 1056 418 Προκοννησίου
1081 356 1085 393 ¹
1114 364 1274 416 γενέσθαι
1294 366 1337 404 τὰ
1357 366 1551 415 συληθέντα
1578 370 1648 405 τῶν
1665 368 1699 406 ἐν
1718 372 1789 411 τοῖς
1807 369 1996 421 Περσικοῖς
2014 369 2148 414 θησαυ-

25 426 225 478 ἐπιδημίαν,
245 425 302 465 ὅτε
323 426 451 480 ἔφησεν
478 423 513 470 ἐξ
541 423 792 478 Ὑπερὸορέων.
814 422 1056 477 παραγεγονέ-

24 500 97 532 ναι,
127 487 174 529 ὡς
200 484 354 538 τάχιστα
381 482 481 537 ὤφθη
510 485 558 527 εἷς
577 482 641 530 τὴν
671 482 801 536 ἀγορὰν
829 482 1057 534 ἐμὸαλοῢσα,

27 545 192 595 ἐμμανῶν
207 542 403 595 γενομένων
419 545 491 581 τῶν
510 542 683 594 μάντεων,
703 542 896 589 διεσπάσθη
917 541 976 580 ὑπ’
995 542 1060 580 αὖ-

29 604 107 640 τῶν.
129 602 201 641 Καὶ
221 604 291 641 τῶν
321 601 512 656 ἀνθρώπων
544 600 686 654 ὕστερον
708 600 972 647 ἀναζητούντων
994 599 1058 647 τὴν

27 660 141 701 αἰτίαν
159 660 282 715 εὑρέθη
304 660 360 700 διὰ
375 660 434 700 τὸν
454 664 516 699 τοῦ
536 663 613 699 θεοῦ
636 659 806 714 στέφανον
821 659 1058 714 ἀνῃρημένη.»

83 798 290 836 Athenaeus
306 801 396 846 XII,
411 811 448 850 p.
472 798 561 846 532,
576 801 611 836 D
628 812 636 835 ε
658 797 720 835 Ἑν
742 796 778 835 δὲ
797 799 848 850 τῷ
866 798 1062 850 ἐπιγραφο-

31 855 126 909 μένῳ
144 860 205 894 τοῦ
224 855 441 908 Θεοπόμπου
461 856 715 909 συγγράμματι
731 855 812 910 περὶ
828 858 897 894 τῶν
916 857 955 894 ἐκ
968 856 1062 894 Δελ-

30 916 103 969 φῶν
133 914 352 963 συληθέντων
399 914 615 969 χρημάτων,
646 931 661 947 α
685 913 844 967 Χάρητι,
878 914 983 967 φησὶ,
1011 916 1062 973 τωῷ

32 972 202 1026 Ἀθηναίῳ
228 972 285 1012 διὰ
311 973 516 1027 Λυσάνδρου
539 973 696 1012 τάλαντα
726 972 905 1019 ἑξήκοντα·
926 974 984 1026 ἀφ’
1014 975 1062 1010 ὣν

32 1031 222 1071 ἐδείπνισεν
244 1032 442 1079 Ἀθηναίους
459 1034 493 1072 ἐν
513 1035 558 1085 τῇ
576 1034 704 1085 ἀγορᾷ,
724 1030 830 1075 θύσας
846 1030 891 1070 τὰ
909 1031 1063 1070 ἐπινίκια

33 1093 96 1139 τῆς
113 1091 303 1143 γενομένης
330 1091 450 1144 μάχης
477 1092 563 1146 πρὸς
590 1090 670 1135 τοὺς
689 1090 875 1131 Φιλίππου
902 1090 1027 1136 ξένους,
1048 1108 1064 1125 »

85 1150 215 1189 Verba
238 1149 296 1189 διὰ
320 1151 527 1204 Λυσάνδρου
562 1159 746 1201 corrupta
768 1165 849 1188 esse
871 1151 1063 1189 videntur.

33 1209 250 1262 Schweigh.
281 1209 447 1261 conjecit
475 1210 750 1259 διαναλωθῆναι,
774 1210 962 1250 Wichers.
992 1210 1066 1248 δια-

33 1268 192 1315 λυθῆναι.

511 1328 597 1366 184.

89 1393 285 1432 Diodorus
319 1394 394 1432 Sic.
423 1397 532 1442 XVI,
555 1394 603 1431 56
633 1408 641 1430 ε
678 1391 845 1437 Φάϋλλος
874 1395 893 1432 ὃ
923 1393 1068 1446 ἀδελφὸς

37 1450 264 1506 Ὀνομάρχου
294 1452 540 1507 στρατηγήσας
571 1453 634 1491 οὐκ
653 1451 754 1503 ὀλίγα
777 1454 847 1490 τῶν
880 1452 1069 1504 ἀναθημά-

0 1531 2 1533 ·
36 1526 105 1550 των
129 1510 321 1565 κατέκοψεν
337 1510 457 1555 εἰςτὰς
472 1514 541 1549 τῶν
559 1509 664 1556 ξένων
681 1510 903 1565 μισθοφοράς.
913 1510 988 1555 Τὰς
1001 1511 1069 1566 γὰρ

39 1570 223 1614 ἀναθείσας
242 1570 308 1609 ὑπὸ
333 1570 487 1624 Κροίσου
515 1574 576 1609 τοῦ
601 1571 724 1609 Λυδῶν
745 1570 917 1622 βασιλέως
938 1578 1070 1625 χρυσᾶς

0 1659 3 1673 5
38 1628 212 1677 πλίνθους,
230 1630 334 1672 οὔσας
353 1629 476 1668 ἑκατὸν
495 1629 556 1667 καὶ
577 1628 687 1667 εἴκοσι
703 1629 942 1678 διταλάντους,
960 1629 1069 1669 κατέ-

39 1689 143 1742 κοψεν
164 1689 211 1732 εἷς
228 1687 404 1740 νόμισμα·
427 1688 555 1742 φιάλας
575 1686 612 1727 δὲ
634 1694 769 1742 χρυσᾶς
789 1689 993 1742 τριακοσίας
1009 1689 1070 1728 καὶ

40 1745 207 1795 ἑξήκοντα
223 1747 402 1800 διμναίους
419 1747 479 1786 καὶ
499 1745 627 1786 λέοντα
647 1751 798 1802 χρυσοῦν
817 1747 877 1786 καὶ
897 1754 1047 1800 γυναῖκα
1059 1779 1069 1798 ,

39 1805 226 1862 τριάκοντα
255 1806 437 1846 ταλάντων
466 1810 599 1861 χρυσοῦ
629 1806 784 1859 σταθμὸν
813 1806 968 1859 ἀγόντων
1000 1810 1069 1846 τῶν

41 1864 198 1904 πάντων·
231 1864 324 1905 ὥστε
341 1865 382 1904 τὸ
407 1872 475 1904 πᾶν
496 1865 696 1905 κατακοπὲν
724 1866 868 1920 χρυσίον
886 1868 936 1911 εἷς
963 1869 1071 1922 ἀργυ-

43 1923 116 1979 ρίου
145 1923 248 1976 λόγον
279 1924 504 1977 ἀναγομένων
532 1927 601 1963 τῶν
631 1925 826 1978 χρημάτων
851 1926 1072 1978 εὑρίσκεσθαι

41 1982 196 2022 τάλαντα
213 1983 495 2038 τετρακισχίλια·
511 1986 580 2022 τῶν
599 1983 633 2022 δὲ
655 1986 814 2038 ἀργυρῶν
835 1985 1070 2036 ἀναθημάτων

42 2045 110 2082 τῶν
129 2059 168 2083 τε
191 2044 258 2083 ὑπὸ
279 2044 431 2099 Κροίσου
460 2044 520 2083 καὶ
548 2047 616 2083 τῶν
643 2044 758 2083 ἄλλων
788 2045 953 2084 ἁπάντων
984 2048 1072 2085 ἀνα-

41 2100 207 2141 τεθέντων
247 2102 326 2146 rob<
361 2103 495 2147 πάντας
528 2103 744 2158 στρατηγοὺς
794 2103 1073 2152 δεδαπανηκέναι

43 2158 199 2200 τάλαντα
224 2161 336 2201 πλείω
361 2164 430 2201 τῶν
446 2161 710 2214 ἑξακισχιλίων,
728 2162 1010 2216 προστιθεμένων
1036 2163 1073 2202 δὲ

43 2307 209 2341 Pharsalia
221 2307 338 2340 deinde
355 2308 532 2349 Metaponti
548 2317 567 2340 a
584 2308 714 2340 vatibus
729 2308 764 2340 in
790 2308 862 2341 soro
889 2309 1051 2342 stantibus
1063 2334 1073 2348 ,
1103 2316 1106 2318 '

43 2363 146 2396 quum
160 2363 227 2387 vox
249 2355 339 2387 edita
364 2358 450 2388 esset
471 2364 513 2387 ex
533 2363 624 2387 aenea
646 2355 738 2387 lauro
750 2380 759 2396 ,
780 2365 879 2397 quam
896 2359 1075 2389 statuerant

45 2401 256 2443 Metapontini
274 2411 341 2443 quo
368 2404 511 2442 tempore
538 2402 625 2443 apud
641 2411 698 2434 eos
722 2402 912 2435 versabatur
930 2402 1076 2433 Aristeas

44 2449 294 2488 Proconnesius,
309 2457 350 2481 ex
366 2448 584 2490 Hyperboreis
600 2449 649 2489 (ut
663 2450 868 2490 perhibebat)
888 2448 1027 2487 rediens,
1040 2451 1077 2480 ut

9 2495 11 2497 ’
45 2495 188 2537 primum
201 2498 373 2536 conspecta
387 2497 437 2528 est
461 2496 567 2528 forum
584 2496 729 2537 ingressa
743 2521 752 2536 ‚
782 2497 815 2529 in
836 2497 978 2528 furorem
997 2495 1077 2527 actis

44 2542 176 2575 vatibus
188 2566 197 2582 ,
217 2542 378 2584 discerpta
398 2544 458 2575 est.
480 2545 655 2584 Quumque
669 2546 782 2585 postea
800 2544 832 2576 in
851 2552 984 2576 causam
1002 2542 1078 2574 sacti

45 2588 242 2630 inquirerent
257 2590 418 2631 homines,
430 2592 635 2632 compertum
648 2593 697 2624 est
707 2592 847 2624 occisam
859 2600 929 2624 esse
945 2593 1076 2633 propter

46 2634 96 2668 dei
111 2644 274 2668 coronam.

519 2687 534 2719 1
544 2688 592 2720 83
599 2712 607 2720 .

103 2730 350 2772 Theopompus,
367 2731 400 2763 in
431 2732 515 2764 libro
546 2733 602 2774 qui
624 2733 818 2776 inscribitur*
837 2733 878 2766 de
905 2733 1079 2774 compilata

48 2784 86 2808 ex
119 2778 273 2819 Delphico
289 2779 410 2820 templo
430 2780 584 2820 pecunia,
614 2793 629 2808 α
644 2781 773 2813 Chareti
788 2805 796 2820 ,
813 2781 878 2820 ait,
892 2780 1079 2813 Atheniensi

49 2832 103 2864 per
117 2826 321 2865 Lysandrum
336 2827 374 2865 (Ρ)
394 2827 514 2860 talenta
524 2828 691 2868 sexaginta
706 2838 713 2859 z
728 2837 792 2869 qua
801 2838 840 2861 ex
849 2829 985 2869 pecunia
1000 2837 1079 2869 epu·

49 2869 116 2903 lum
128 2872 266 2913 praebuit
282 2874 532 2907 Atheniensibus
547 2875 579 2906 in
594 2875 681 2915 soro,
700 2875 889 2908 solennibus
911 2876 1011 2907 sacris
1039 2875 1079 2907 t'a·

49 2919 110 2951 ctis
122 2929 180 2961 pro
196 2920 331 2952 victoria
345 2925 436 2962 parta
451 2921 482 2953 in
508 2930 617 2963 pugna
630 2922 786 2955 adversus
804 2922 943 2964 Philippi
962 2931 1079 2954 merce-

50 2974 188 2999 uarios.»

516 3018 530 3049 1
540 3019 588 3051 84
595 3041 603 3049 .

91 3059 254 3102 Phayllus‚
269 3062 464 3094 Onomarchi
478 3063 585 3104 frater,
603 3064 682 3096 dum
696 3065 844 3105 praetoris
863 3072 997 3096 munere
1012 3063 1080 3095 sun-

52 3105 147 3146 gitur‚
159 3116 224 3139 non
241 3117 344 3149 pauca
367 3110 407 3141 de
430 3111 581 3151 repositis
603 3111 635 3143 in
652 3112 786 3152 templo,
811 3112 853 3144 ad
867 3111 1080 3153 persolvenda

52 3154 256 3188 eonductitiis
272 3157 453 3198 stipendia,
478 3159 631 3191 concidit.
649 3162 775 3192 Aureos
794 3159 881 3191 enim
904 3159 1021 3192 lateres
1037 3158 1079 3189 vi-

53 3200 132 3240 ginti
148 3204 181 3234 et
196 3206 326 3235 centum
341 3213 361 3236 a
374 3207 487 3237 Croeso
501 3206 666 3247 Lydorum
685 3216 758 3248 rege
774 3207 949 3242 dedicatos⁷
964 3206 1077 3237 binum

52 3247 209 3280 talentum
232 3250 389 3291 pondere,
419 3252 458 3284 ad
494 3256 634 3286 monetae
668 3263 765 3286 usum
791 3253 943 3286 conflavit
954 3278 963 3293 ,
997 3261 1076 3293 prac-

55 3295 139 3327 terea
152 3298 317 3337 sexaginta
346 3299 379 3330 et
410 3300 458 3331 ter
483 3301 614 3332 centum
633 3301 756 3342 phialas
782 3310 907 3340 aureas,
942 3308 1080 3341 quarum

54 3341 188 3383 singulae
206 3344 288 3376 duas
305 3346 410 3377 minas
425 3347 608 3387 pendebant
623 3371 632 3387 ‚
648 3349 801 3389 aureique
819 3348 921 3380 leonis
940 3350 973 3379 et
992 3347 1080 3378 semi-

32 3412 34 3414 ψ
55 3395 106 3421 1².ae
115 3391 203 3430 sigila
216 3393 300 3431 [quaa
307 3391 402 3424 simul
411 3394 518 3425 omnia
527 3394 659 3434 triginta
666 3395 735 3427 auri
748 3396 864 3428 talenta
872 3394 1080 3436 pendebant);

1116 429 1186 476 ροῐς
1213 424 1271 461 ὑπ’
1302 424 1527 478 Ἀλεξάνδρου
1561 424 1867 473 κατακτηθέντων.
1885 424 2147 478 Ἐπεχείρησαν

1116 481 1145 518 δ’
1181 484 1213 520 οἱ
1245 482 1324 535 περὶ
1355 483 1414 521 τὸν
1448 483 1634 522 Φάλαικον
1669 484 1861 537 στρατηγοὶ
1892 483 1952 522 καὶ
1977 483 2036 522 τὸν
2066 483 2147 522 ναὸν

1116 539 1284 593 ὀρύττειν,
1317 541 1474 586 εἰπόντος
1503 543 1593 586 τινὸς
1621 546 1668 587 ὡς
1699 545 1733 581 ἐν
1771 546 1865 596 αὐτῷ
1894 542 2065 596 θησαυρὸς
2094 542 2148 590 εἴη

1116 597 1226 637 πολὺν
1243 598 1335 650 ἔχων
1356 599 1502 653 ἄργυρόν
1523 617 1561 639 τε
1579 602 1639 639 καὶ
1658 601 1789 656 χρυσόν
1802 618 1810 626 ·
1830 601 1889 640 καὶ
1909 600 1953 641 τὰ
1974 601 2054 655 περὶ
2085 600 2149 649 τὴν

1117 658 1235 696 ἑστίαν
1252 659 1312 696 καὶ
1335 658 1393 696 τὸν
1423 659 1570 712 τρίποδα
1599 661 1790 714 φιλοτίμως
1818 659 2054 700 ἀνέσκαπτον·
2076 664 2094 700 ὃ
2115 660 2151 699 δὲ

1119 717 1278 769 μηνύσας
1305 717 1363 756 τὸν
1395 719 1566 771 θησαυρὸν
1593 720 1753 774 μάρτυρα
1779 720 1968 774 παρείχετο
1989 720 2048 759 τὸν
2072 722 2151 759 ἐπι-

1119 775 1335 837 φανέστατον
1366 776 1426 814 καὶ
1448 777 1680 831 ἀρχαιότατον
1708 781 1777 818 τῶν
1797 783 1952 827 ποιητῶν
1971 778 2152 834 “Ομηρον,

1120 836 1155 872 ἐν
1176 839 1225 878 οἷς
1241 835 1356 884 λέγει,

1245 921 1321 953 Οὐδ’
1339 921 1401 954 ὅσα
1413 920 1516 958 λάϊνος
1531 922 1618 959 οὐδὸς
1635 922 1784 965 ἀφήτορος
1799 923 1881 960 ἐντὸς
1901 924 1995 966 ἐέργει

1246 969 1366 1001 Φοίὸου
1384 969 1572 1006 Ἀπόλλωνος
1587 971 1687 1002 Πυθοῖ
1700 970 1743 1002 ἐνὶ
1761 971 1948 1012 πετρηέσσῃ.

1121 1043 1204 1081 Τῶν
1226 1041 1262 1080 δὲ
1283 1043 1507 1095 στρατιωτῶν
1538 1040 1787 1094 ἐγχειρούντων
1817 1040 1984 1079 σκάπτειν
2007 1040 2052 1079 τὰ
2073 1041 2153 1096 περὶ

1121 1099 1180 1138 τὸν
1198 1100 1368 1154 τρίποδα,
1385 1100 1523 1152 σεισμοὶ
1539 1100 1686 1151 μεγάλοι
1701 1098 1881 1152 γενόμενοι
1897 1106 1968 1144 τοῖς
1986 1102 2155 1139 Φωκεῦσι

1122 1157 1229 1212 φόὸον
1264 1157 1481 1206 ἐπέστησαν·
1501 1161 1657 1212 φανερῶς
1684 1157 1720 1196 δὲ
1749 1161 1818 1197 τῶν
1840 1161 1925 1196 θεῶν
1948 1173 2155 1211 προσημαι-

1123 1217 1252 1256 νόντων
1272 1217 1336 1266 τὴν
1354 1217 1445 1258 κατὰ
1462 1221 1532 1256 τῶν
1549 1217 1738 1272 ἱεροσύλων
1758 1217 1902 1256 κόλασιν
1914 1249 1924 1266 ,
1953 1217 2156 1264 ἀπέστησαν

1123 1279 1192 1315 τῶν
1220 1276 1343 1330 ἔργων.
1375 1277 1421 1317 ‘O
1439 1275 1476 1315 δὲ
1507 1279 1571 1324 τῆς
1599 1276 1821 1330 παρανομίας
1855 1276 1984 1323 ταύτης
2012 1274 2162 1327 ἡγεμὼν-

1124 1335 1248 1374 Φίλων
1268 1339 1286 1375 ὁ
1305 1335 1556 1390 προειρημένος
1577 1335 1668 1389 ταχὺ
1685 1337 1735 1390 τῷ
1754 1334 1923 1388 δαιμονίῳ
1939 1333 2000 1379 τὰς
2019 1349 2158 1388 προση-

1125 1394 1254 1439 κούσας
1272 1394 1370 1439 δίκας
1390 1394 1552 1440 ἐξέτισεν.
1971 1394 1990 1406 ’““

1181 1456 1290 1493 «Etsi
1310 1455 1523 1504 Diodorus,
1544 1469 1617 1507 pro
1637 1468 1742 1493 more
1761 1468 1832 1493 suo
1845 1484 1856 1502 ‚
1883 1467 1963 1492 non
1991 1453 2158 1501 indicat,

1127 1525 1204 1564 quo
1223 1523 1381 1552 auctore
1399 1528 1490 1552 usus
1507 1515 1576 1563 sit,
1594 1514 1772 1565 suspicor
1798 1522 1925 1552 tamen
1943 1526 2030 1551 eum
2057 1513 2161 1550 hunc
2195 1546 2199 1553 ,

1126 1573 1255 1611 locum
1285 1587 1306 1611 e
1334 1574 1592 1625 Theopompo
1618 1574 1811 1622 sumsisse,
1830 1581 1955 1624 >atque
1993 1572 2091 1610 adeo
2122 1572 2163 1609 in

1127 1632 1255 1670 verbis
1273 1631 1357 1670 ἔνιοι
1387 1632 1423 1670 δὲ
1451 1635 1521 1671 τῶν
1552 1630 1781 1686 συγγραφέων
1810 1630 1915 1686 φασὶν
1932 1631 1981 1669 ad
2005 1644 2095 1669 eum
2123 1630 2165 1667 in

1127 1692 1262 1742 primis
1281 1692 1496 1743 respexisse
1513 1708 1520 1730 ε
1541 1693 1683 1743 partim
1703 1691 1861 1743 quidem
1882 1690 1988 1742 quod
2022 1691 2060 1727 in
2093 1689 2164 1726 hac

1127 1763 1170 1788 re
1202 1750 1388 1788 tradenda
1410 1751 1608 1788 meliorem
1631 1750 1768 1788 ducem
1789 1749 1893 1787 haud
1916 1748 2027 1786 facile
2055 1747 2164 1798 sequi

1127 1809 1257 1860 potuit
1291 1810 1575 1861 Theopompo,
1606 1809 1673 1859 qui
1705 1809 1754 1847 de
1795 1807 1958 1859 direptis
1994 1806 2165 1844 donariis

1127 1869 1414 1907 accuratissime
1439 1869 1561 1920 egisse
1580 1868 1754 1914 videtum
1781 1867 1923 1919 partim
1953 1865 2058 1916 quod
2081 1878 2167 1916 quae

1128 1928 1166 1964 h.
1204 1928 1228 1965 1.
1272 1936 1447 1966 extremo
1487 1928 1682 1978 leguntur,
1719 1926 2013 1978 depeculatores
2055 1932 2167 1961 terrae

1129 1995 1239 2024 motu
1268 1987 1398 2025 subito
1430 1995 1581 2034 exorto,
1609 1986 1805 2036 extemplo
1832 1984 1880 2022 ab
1906 1997 2023 2035 opere
2044 1982 2166 2020 desti—

1130 2047 1233 2095 tisse,
1265 2047 1425 2084 omnino
1443 2054 1664 2097 congruunt
1681 2059 1769 2083 cum
1795 2043 2042 2095 Theopompi
2075 2055 2168 2079 nar-

1131 2106 1242 2143 randi
1266 2119 1418 2157 genere.
1446 2109 1688 2144 Postremum
1720 2105 1795 2142 hoc
1821 2104 1913 2141 item
1945 2102 2169 2152 exsequitur

1134 2165 1272 2203 Strabo
1296 2169 1353 2204 IX
1366 2195 1376 2213 ,
1397 2179 1436 2216 p.
1456 2167 1547 2210 644.
1569 2182 1585 2198 »
1612 2165 1792 2202 Wichers.

1131 2310 1176 2342 ita
1186 2313 1222 2342 ut
1234 2319 1330 2342 omne
1339 2309 1419 2342 illud
1429 2319 1544 2342 aurum
1551 2310 1646 2351 Juxta
1658 2308 1780 2349 argenti
1789 2307 1946 2339 rationem
1958 2305 2168 2345 aestimatum,

1131 2360 1273 2397 quatuor
1287 2358 1389 2389 millia
1401 2357 1559 2389 talentum
1569 2356 1720 2388 efiiceret.
1738 2358 1787 2387 Ex
1803 2354 1945 2386 donariis
1958 2361 2054 2394 porro
2061 2361 2169 2392 argen-

1135 2404 1204 2444 teis,
1212 2413 1287 2445 quae
1297 2406 1367 2437 tum
1380 2406 1526 2444 Croesus,
1541 2406 1613 2436 tum
1640 2403 1694 2435 alii
1709 2403 1987 2440 consecraverant,
2008 2409 2026 2432 a
2042 2399 2169 2431 cunctis

1133 2452 1271 2484 ducibus
1287 2452 1361 2493 plns
1373 2461 1471 2493 qnam
1501 2460 1557 2484 sex
1574 2450 1678 2482 millia
1704 2449 1861 2481 talentum
1881 2447 2089 2487 absumptum
2106 2446 2170 2478 sue-

1134 2502 1196 2538 rat3
1216 2499 1296 2532 adeo
1315 2502 1351 2532 ut
1363 2507 1493 2532 summa
1507 2499 1667 2538 omnium,
1692 2498 1720 2530 si
1735 2506 1832 2529 aurea
1848 2494 1945 2527 simul
1961 2493 2169 2534 comprehen-

1133 2547 1212 2586 das,
1232 2547 1345 2579 decem
1366 2547 1504 2578 millium
1521 2546 1718 2578 talentorum
1745 2544 1995 2577 aestimationem
2020 2540 2167 2572 excedat.

1134 2596 1205 2627 Non
1221 2594 1339 2626 desunt
1355 2598 1515 2633 auctores,
1532 2594 1589 2634 qui
1606 2603 1671 2625 non
1687 2593 1797 2624 minus
1813 2589 1978 2629 sacrilegio
1994 2588 2166 2628 abreptum

1135 2641 1236 2674 fuisse
1248 2641 1395 2681 tradant,
1419 2651 1518 2682 quam
1541 2640 1721 2673 Alexander
1747 2640 1781 2670 in
1810 2641 1980 2669 Persarum
2006 2633 2167 2667 thesauris

1135 2691 1246 2730 postea
1267 2689 1453 2730 acquisivit.
1471 2688 1557 2726 Quin
1573 2691 1605 2720 et
1624 2687 1791 2719 Phalaecus
1806 2708 1814 2723 ,
1831 2693 1906 2716 cum
1922 2682 2074 2714 ordinum
2090 2689 2168 2712 suo—

1135 2745 1208 2767 rum
1216 2735 1416 2776 ductoribus,
1428 2736 1652 2777 pavimentum
1664 2733 1774 2774 templi
1783 2740 1894 2764 eruere
1905 2730 2039 2761 conatus
2050 2727 2064 2759 s
2063 2729 2167 2766 uerat,

1134 2786 1304 2825 propterea
1319 2784 1408 2825 quod
1424 2783 1580 2823 grandem
1606 2781 1676 2813 auri
1704 2779 1892 2819 argentique
1911 2777 2101 2809 thesaurum
2121 2774 2166 2806 ibi

1135 2831 1293 2863 contineri
1307 2840 1325 2862 a
1342 2831 1484 2871 quodam
1496 2829 1673 2861 indicatum
1685 2830 1781 2859 esset.
1798 2828 1839 2856 Et
1851 2824 1920 2855 loca
1933 2822 2065 2863 quidem
2081 2822 2168 2853 circa

1135 2888 1224 2911 aram
1241 2881 1274 2913 ct
1296 2878 1455 2920 tripodem
1481 2877 1666 2909 effoderunt
1690 2875 1882 2914 diligenter-3
1915 2870 2060 2903 thesauri
2076 2878 2166 2923 ‘vero

1135 2926 1231 2959 index
1249 2926 1418 2958 clarissimi
1431 2926 1523 2966 Juxta
1542 2926 1574 2956 et
1593 2920 1810 2963 antiquissimi
1826 2922 1932 2961 poetae
1952 2920 2086 2950 Homeri
2115 2917 2166 2949 te-

1135 2973 1326 3005 stimonium
1341 2972 1534 3010 adducebat,
1552 2970 1607 3002 ubi
1624 2970 1670 3001 sic
1685 2969 1788 3000 canit:

1198 3045 1321 3081 Quanta
1338 3053 1394 3072 nec
1410 3042 1542 3070 includit
1560 3041 1664 3072 Phoehi
1676 3063 1684 3078 ,
1701 3038 1755 3079 qui
1774 3038 1892 3077 spicula
1911 3041 2038 3075 torquet
2050 3058 2058 3073 ‚

1199 3102 1308 3121 saxosa
1324 3092 1357 3120 in
1374 3091 1516 3129 Pythone
1528 3112 1537 3128 ,
1555 3089 1654 3117 solum
1671 3088 1711 3117 de
1729 3095 1883 3116 marmore
1899 3084 2027 3113 sactum.

1136 3158 1310 3195 Quumque
1333 3163 1351 3185 a
1378 3153 1536 3185 militibus
1551 3152 1659 3184 vicina
1674 3151 1794 3192 tripodi
1809 3149 1908 3183 effodi
1931 3148 2038 3189 empta
2054 3146 2165 3186 erant,

1136 3204 1220 3234 illico
1234 3204 1328 3234 terrae
1350 3202 1459 3232 motus
1475 3199 1578 3232 exorti
1595 3201 1751 3231 terrorem
1774 3195 1996 3230 phocensibus
2013 3193 2162 3245 injecere;

1136 3253 1169 3281 et
1193 3249 1269 3289 quia
1297 3248 1476 3279 manifestis
1491 3247 1626 3278 deorum
1654 3245 1809 3287 prodigiis
1833 3243 1979 3276 vindicta
1999 3238 2163 3279 sacrilegis

1137 3296 1403 3334 denunciabatur‚
1419 3295 1460 3326 ab
1478 3303 1574 3335 opere
1589 3294 1794 3326 destiterunt.
1812 3295 1884 3324 Dux
1909 3299 1986 3323 vero
2000 3291 2034 3321 et
2049 3288 2163 3339 auctor

1138 3347 1203 3376 tani
1222 3343 1311 3384 impii
1328 3343 1479 3374 facinoris
1501 3341 1615 3373 Philon
1632 3341 1759 3382 (dequo
1774 3341 1841 3381 jam
1857 3339 1982 3372 dictum
1995 3335 2057 3376 est)
2069 3332 2161 3365 brevi

1138 3394 1213 3432 post
1228 3392 1357 3422 meritas
1373 3389 1497 3422 numini
1517 3398 1629 3430 poenas
1644 3388 1795 3421 exsolvit.
