2320 3684
753 154 1070 195 PHILOCHORI
1098 153 1431 194 FRAGMENTA.

506 243 591 283 158.

87 312 214 351 Schol.
231 311 412 362 Sophocl.
432 309 530 349 OEd.
554 308 633 346 Col.
658 321 671 344 ι
684 321 755 345 102
778 307 910 359 (1047)
928 320 937 346 ε
957 307 1066 357 Λέγοι

34 371 63 410 δ’
83 370 124 409 ἃν
153 370 186 422 (ὁ
211 368 406 420 Σοφοκλῆς)
428 366 582 410 4Πυθίας
609 364 719 409 ἀκτὰς
752 365 811 404 τὸν
838 369 898 403 τοῦ
931 364 1065 404 Πυθίου

34 428 252 471 Ἀπόλλωνος
270 425 389 479 βωμὸν
403 425 461 464 τὸν
476 426 511 463 ἓν
527 425 579 478 τῷ
593 425 807 477 Μαραθῶνι,
836 422 910 462 ὅθεν
929 422 989 462 καὶ
1001 422 1065 470 τὴν

34 486 181 540 θεωρίαν
201 485 371 536 ἔπεμπον.
393 483 541 537 Ἱστορεῖ
560 482 639 536 περὶ
659 481 791 521 τούτων
810 482 1011 535 Φιλόχορος
1030 484 1066 520 ἐν

35 548 80 599 τῇ
99 543 319 599 Τετραπόλει
337 542 480 597 γράφων
501 541 628 586 οὕτως·
647 540 790 581 «(’οταν
805 539 842 579 δὲ
862 546 992 592 σημεῖα
1004 540 1069 592 γέ-

33 619 135 653 νηται
152 601 419 657 παραδεδομένα
435 603 470 640 ἐν
486 606 560 646 τοῖς
579 603 700 655 ἱεροῖς,
722 599 800 639 τότε
815 597 1069 638 ἀποστέλλουσι

34 663 98 711 τὴν
115 661 264 716 θεωρίαν
285 664 315 701 οἱ
335 663 375 700 ἐκ
391 664 452 701 τοῦ
465 660 583 713 γένους
594 691 604 709 ,
632 659 794 700 Πυθιάδα
810 658 869 698 καὶ
889 657 1068 706 Δηλιάδα,

35 720 187 776 ὁποτέρα
212 720 254 759 ἂν
280 720 417 773 καθήκῃ
451 719 578 763 αὐτοῖς.
599 717 689 758 Θύει
713 716 748 756 δὲ
765 721 783 757 ὁ
807 716 952 769 μάντις,
986 716 1083 759 ὅταν,

37 779 101 832 μὲν
135 779 179 819 τὰ
222 782 270 823 εἷς
302 777 456 833 Δελφοὺς
475 777 646 829 πόμπιμα
678 776 841 829 γένηται,
858 776 918 815 καὶ
944 775 1070 829 θεωρία

35 838 239 890 πέμπηται,
262 839 298 876 ἐν
313 836 424 889 Οἰνόῃ
438 836 517 875 καθ’
537 835 688 884 ἑκάστην
710 834 847 889 ἡμέραν
867 836 902 873 ἓν
919 836 970 887 τῷ
990 835 1071 873 Πυ-

37 896 118 951 θίῳ·
137 898 168 935 εἰ
187 895 224 935 δὲ
241 897 288 940 εἷς
301 898 415 944 Δῆλον
435 894 687 934 ἀποστέλλοιτο
702 897 724 942 ἠ
746 893 894 948 θεωρία,
917 891 1009 932 κατὰ
1027 892 1072 932 τὰ

36 955 273 1010 προειρημένα
288 954 361 994 θύει
378 957 397 994 ὁ
416 954 539 1007 μάντις
551 956 599 999 εἷς
610 954 650 994 τὸ
666 955 702 993 ἐν
716 955 912 1007 Μαραθῶνι
925 953 1069 1001 Δήλιον,

39 1014 111 1055 Καὶ
129 1015 222 1055 ἔστιν
240 1014 442 1068 ἱεροσκοπία
458 1016 521 1061 τῆς
537 1012 600 1066 μὲν
619 1015 667 1057 εἷς
688 1012 842 1067 Δελφοὺς
860 1011 1007 1065 θεωρίας
1030 1013 1065 1051 ἐν

38 1076 91 1127 τῷ
108 1075 143 1113 ἐν
159 1073 268 1127 Οἰνόῃ
290 1073 433 1127 Πυθίῳ,
450 1076 512 1120 τῆς
526 1071 563 1112 δὲ
581 1074 629 1116 εἷς
649 1074 779 1122 Δῆλον,
803 1073 838 1110 ἐν
865 1073 915 1125 τῷ
928 1072 964 1110 ἐν
988 1072 1070 1110 Μα-

41 1135 168 1188 ραθῶνι
181 1131 313 1186 Δηλίῳ.
328 1150 344 1167 u

96 1191 259 1231 Πυθιάδα
275 1190 335 1230 καὶ
349 1190 528 1240 Δηλιάδα,
554 1189 705 1244 ὁποτέρα
725 1189 895 1228 correxit
909 1192 947 1229 C.
963 1189 1072 1227 Miil-

39 1247 106 1290 ler.
124 1255 219 1290 Dor.
235 1254 267 1300 Ι,
283 1264 322 1302 p.
333 1257 422 1295 240.
437 1251 570 1290 Codex
580 1249 701 1288 πυθίαι
716 1265 752 1288 τε
766 1248 826 1287 καὶ
842 1248 1002 1297 δηλιάδες
1014 1251 1072 1287 ὁπ.

122 1404 245 1443 ΠΕΡΙ
271 1403 378 1442 ΤΩΝ
405 1402 671 1442 ΑΘΗΝΗΣΙΝ
700 1401 908 1440 ΑΓΩΝΩΝ
938 1400 992 1446 ιζ’.

519 1470 605 1509 159.

96 1540 238 1578 Athen.
253 1543 324 1588 XI,
345 1542 407 1587 13,
422 1553 460 1591 p.
481 1541 646 1588 464‚F.:
664 1538 770 1591 Λέγει
791 1537 828 1577 δὲ
846 1538 926 1593 περὶ
943 1539 1074 1579 τούτων

43 1601 62 1638 ὁ
86 1596 284 1651 Φιλόχορος
317 1597 464 1636 οὑτωσί·
502 1615 518 1632 «
538 1597 711 1645 Ἀθηναῖοι
741 1603 812 1641 τοῖς
836 1599 1078 1643 Διονυσιακοῖς

49 1659 183 1709 ἀγῶσι,
213 1656 254 1695 τὸ
282 1655 346 1709 μὲν
369 1659 506 1710 πρῶτον
530 1655 756 1710 ἠριστηκότες
778 1655 838 1694 καὶ
861 1656 1075 1706 πεπωκότες,

45 1715 202 1761 ἐὸάδιζον
232 1715 291 1754 ἐπὶ
304 1715 368 1763 τὴν
389 1714 469 1754 θέαν
493 1715 552 1754 καὶ
581 1714 861 1769 ἐστεφανωμένοι
896 1715 1075 1770 ἐθεώρουν·

43 1775 140 1830 παρὰ
171 1774 208 1813 δὲ
237 1774 295 1814 τὸν
326 1777 446 1826 ἀγῶνα
471 1774 588 1814 πάντα
618 1768 709 1819 οἶνος
741 1777 857 1818 αὐτοῖς
887 1776 1076 1828 ᾠνοχοεῖτο

45 1833 105 1872 καὶ
124 1832 337 1887 τραγήματα
353 1830 589 1887 παρεφέρετο,
609 1832 669 1871 καὶ
687 1839 759 1877 τοῖς
776 1839 892 1886 χοροῖς
911 1835 1075 1872 εἰσιοῦσιν

45 1892 181 1945 ἐνέχεον
194 1893 319 1942 πίνειν,
345 1892 404 1931 καὶ
429 1892 714 1944 διηγωνισμένοις
747 1892 798 1931 ὅτ’
829 1892 1074 1947 ἐξεπορεύοντο

46 1951 182 2005 ἐνέχεον
218 1952 324 1991 πάλιν
339 1967 348 1976 ·
377 1957 564 2006 μαρτυρεῖν
588 1951 625 1990 δὲ
639 1952 773 1996 τούτοις
789 1952 849 1990 καὶ
867 1952 1077 2006 Φερεκράτη

47 2011 105 2050 τὸν
121 2011 292 2063 κωμικὸν,
310 2010 362 2050 ὅτι
383 2011 488 2064 μέχρι
516 2014 578 2058 τῆς
606 2012 685 2050 καθ’
709 2011 830 2050 ἑαυτὸν
855 2011 994 2059 ἡλικίας
1017 2013 1079 2050 οὐκ

48 2069 186 2114 ἀσίτους
199 2064 287 2109 εἶναι
304 2069 383 2115 τοὺς
401 2073 622 2124 θεωροῦντας.
644 2088 659 2104 »

521 2188 610 2222 158.

93 2253 211 2291 Πυθίας
225 2253 320 2290 ἀκτὰς
337 2252 417 2285 dicit
432 2251 569 2284 fortasse
590 2251 765 2292 Sophocles
790 2261 879 2284 aram
901 2252 1059 2294 Apollinis
1071 2276 1080 2292 ‚

54 2309 128 2343 quae
142 2304 191 2334 est
209 2300 409 2339 Marathone,
435 2298 520 2331 unde
537 2298 634 2331 etiam
653 2299 811 2331 theoriam
828 2299 1010 2332 mittebant.
1031 2302 1079 2333 De

55 2345 108 2380 his
123 2347 336 2380 Philochorus
351 2346 384 2378 in
403 2346 566 2387 Tetrapoli
578 2346 623 2378 ita
640 2346 753 2378 scribit
770 2357 777 2378 :
798 2359 814 2374 α
826 2349 936 2384 Quum
953 2347 1045 2388 signa
1060 2356 1080 2379 a

0 2417 1 2424 ,
56 2395 231 2435 majoribus
249 2394 368 2426 tradita
389 2393 423 2425 in
446 2393 546 2425 sacris
569 2396 740 2435 apparent,
762 2396 834 2426 tum
850 2394 907 2435 qui
930 2403 968 2427 ea
985 2396 1080 2435 gente

56 2442 120 2474 orti
138 2444 227 2482 sunt,
242 2441 337 2482 quus
358 2442 408 2473 est
431 2440 494 2472 hoc
516 2448 654 2481 munus,
668 2441 827 2472 theoriam
849 2441 1000 2481 mittunt,
1016 2443 1080 2482 Py-

55 2488 154 2521 thiam
170 2491 202 2521 et
217 2488 389 2527 Deliacam,
407 2489 482 2519 utra
504 2487 545 2519 iis
561 2487 742 2520 conveniat.
765 2487 828 2520 Ubi
845 2488 937 2529 signa
949 2488 1085 2521 deorum

55 2535 196 2577 Delphos
207 2534 322 2576 jubent
346 2534 441 2574 mitti,
469 2534 656 2575 theoriaque
676 2535 710 2566 in
735 2543 775 2567 eo
800 2538 849 2567 est
874 2537 910 2568 ut
925 2536 1084 2576 mittatur,

55 2584 145 2615 vates
159 2581 304 2624 quotidie
315 2590 406 2614 sacra
417 2581 495 2613 facit
510 2581 544 2613 in
560 2581 696 2622 Pythio,
711 2582 798 2622 quod
813 2584 862 2615 est
878 2584 1015 2623 OEnoes;
1029 2582 1085 2614 ubi

57 2636 133 2662 vero
158 2629 191 2661 in
211 2628 326 2661 Delum
347 2628 504 2660 mittenda
530 2628 672 2667 theoria,
698 2631 789 2661 vates
813 2638 904 2662 sacra
931 2629 1007 2661 facit
1033 2638 1085 2669 eo,

60 2684 156 2716 quem
171 2676 260 2716 dixi,
277 2675 378 2708 modo
392 2675 427 2707 in
449 2675 558 2714 Delio,
576 2675 665 2716 quod
686 2678 736 2707 est
756 2676 945 2708 Marathone
958 2700 967 2716 ,
988 2677 1086 2717 atque

61 2722 263 2764 haruspicina
278 2723 315 2756 fit
329 2725 460 2764 propter
471 2723 628 2756 theoriam
647 2723 797 2764 Pythiam
822 2724 854 2756 in
870 2724 998 2765 Pythio,
1014 2733 1086 2765 pro-

63 2770 111 2803 ter
125 2771 285 2804 Deliacam
299 2771 333 2802 in
348 2770 454 2803 Delio.
473 2783 490 2798 »

96 2895 161 2934 DE
188 2895 585 2934 ATHENIENSIUM
616 2896 770 2935 LUDIS
800 2896 937 2935 LIBRI
966 2897 1050 2936 SE-

419 2953 730 2994 PTENDECIM.

535 3025 622 3058 159.

107 3081 213 3114 Verba
222 3082 300 3114 facit
312 3084 419 3114 autem
431 3082 470 3114 de
478 3082 530 3114 his
541 3082 768 3122 Philochorus,
779 3083 811 3114 in
828 3082 916 3114 hunc
932 3082 1066 3114 modum
1078 3092 1086 3113 :

4 3146 12 3174 3-
71 3141 88 3157 «
105 3129 314 3161 Athenienses
328 3152 337 3167 ,
362 3128 396 3160 in
416 3129 502 3160 ludis
518 3129 697 3169 Bacchicis‚
718 3130 810 3170 prius
827 3129 959 3170 quidem
979 3129 1088 3170 pransi

70 3175 200 3216 potique
217 3176 259 3208 ad
274 3175 456 3216 spectacula
471 3184 506 3207 se
519 3176 738 3216 conferebant,
756 3178 789 3208 et
807 3177 951 3207 coronati
967 3177 1089 3216 specta-

6 3228 14 3262 ᾗ
70 3220 148 3254 hant
162 3231 170 3253 :
193 3224 262 3254 toto
277 3231 354 3254 vero
369 3223 515 3262 tempore
537 3231 602 3263 quo
618 3223 793 3263 agebantur
809 3222 895 3263 ludi,
912 3223 1027 3254 vinum
1042 3223 1089 3254 eis

7 3270 11 3271 ⁷
70 3267 309 3307 infundebatur,
322 3269 631 3310 apponebanturque
641 3270 790 3310 bellaria3
802 3272 899 3310 atque
909 3269 1005 3301 etiam
1019 3269 1090 3300 cho-

8 3310 17 3320 *
73 3314 115 3347 ris
130 3316 380 3356 ingredientibus
394 3316 507 3348 vinum
524 3316 749 3356 infundebant,
760 3319 792 3348 et
806 3317 897 3348 linito
907 3315 1090 3356 spectaculo

4 3362 15 3395 J
72 3361 308 3396 discedentibus
338 3371 449 3395 rursus
481 3363 706 3396 infundebant.
731 3376 746 3392 α
765 3363 955 3396 confirmari
992 3362 1089 3394 etiam

2071 161 2142 192 411

1175 299 1365 337 Plutarch.
1391 299 1526 337 Mor-al.
1547 313 1587 350 p.
1611 300 1700 347 785.
1719 299 1797 337 Frf.
1819 297 1963 350 (Rejsk.
1999 309 2023 339 t.
2042 313 2089 349 9,
2111 315 2149 351 p.

1128 356 1238 409 138):
1258 358 1385 396 Πῶλον
1400 355 1436 395 δὲ
1459 357 1517 396 τὸν
1532 356 1708 412 τραγῳδὸν
1727 357 1981 411 Ἐρατοσθένης
1997 357 2057 396 καὶ
2077 361 2152 398 Φι-

1123 414 1265 467 λόχορος
1278 418 1469 468 ἱστοροῦσιν
1484 416 1724 468 ἑὸδομήκοντα
1740 415 1801 464 ἔτη
1821 417 2050 469 γεγενημένον
2062 417 2154 457 ὀκτὼ

1123 474 1317 527 τραγῳδίας
1330 475 1365 512 ἐν
1381 474 1562 529 τέτταρσιν
1578 475 1727 530 ἡμέραις
1741 475 2014 528 διαγωνίσασθαι
2031 476 2154 531 μικρὸν

1125 531 1318 586 ἔμπροσθεν
1337 535 1398 580 τῆς
1413 536 1588 581 τελευτῆς.

1451 640 1574 678 ΠΕΡΙ
1605 641 1826 729 ἷΞΟΡΤΩΝ.

1178 745 1366 794 Harpocr.
1387 757 1424 780 v.
1448 743 1582 782 Ἁλῶαε
1661 744 1790 799 Ἑορτή
1822 747 1915 785 ἐστιν
1953 747 2089 794 Αττικὴ
2114 748 2158 786 τὰ

1127 802 1260 849 Ἁλῶα,
1279 800 1322 848 ἥν
1343 816 1430 855 φησι
1449 801 1647 855 Φιλόχορος
1668 805 1905 854 ὀνομασθῆναι
1922 804 2066 843 ἀπὸτοῦ
2082 805 2160 844 τότε

1127 857 1207 903 τοὺς
1222 858 1423 913 ἀνθρώπους
1441 858 1503 903 τὰς
1520 859 1697 914 διατριὸὰς
1707 865 1880 900 ποιεῖσθαι
1890 862 1970 916 περὶ
1981 862 2043 906 τὰς
2056 863 2160 908 ἅλως·

1129 916 1274 969 ἄγεσθαι
1294 917 1330 956 δὲ
1347 916 1458 965 αὐτήν
1476 933 1580 972 φησιν
1601 920 1636 957 ἐν
1649 922 1700 972 τῷ
1717 920 1798 973 περὶ
1820 923 1947 974 ἑορτῶν
1960 923 2162 961 Ποσειδεῶ-

1129 992 1185 1020 νος
1205 975 1324 1027 μηνός.

1184 1038 1275 1074 Haec
1307 1036 1437 1073 omnia
1464 1035 1665 1086 descripsit
1705 1037 1944 1077 Phavorinus
1963 1069 1974 1089 ,
2014 1049 2164 1091 partem

1129 1107 1289 1146 gramm.
1310 1095 1430 1132 Bekk.
1449 1097 1524 1133 An.
1550 1107 1591 1145 p.
1607 1094 1698 1184 l353321.

1183 1200 1312 1238 Schol.
1326 1200 1485 1238 Lucian.
1511 1199 1598 1237 dial.
1625 1209 1778 1239 meretr.
1793 1204 1883 1249 VII,
1912 1215 1952 1252 p.
1972 1203 2047 1239 228
2061 1232 2071 1250 ,
2096 1211 2121 1240 t.
2141 1205 2163 1240 8

1130 1259 1217 1310 Bip.
1239 1258 1279 1310 (t.
1299 1273 1320 1296 2
1333 1288 1345 1308 ‚
1367 1273 1407 1310 p.
1429 1259 1519 1308 459,
1536 1258 1744 1311 Schmied.)
1759 1274 1768 1297 ε
1786 1257 1902 1298 Ἁλῶα
1933 1259 2035 1313 ἑορτή
2070 1262 2163 1299 ἐστιν

1131 1316 1318 1366 Ἀθήνησι,
1336 1316 1512 1371 μυστήρια
1526 1315 1740 1371 περιέχουσα
1758 1317 1946 1371 Δημήτρος
1965 1317 2026 1355 καὶ
2047 1317 2166 1371 Κόρης

1131 1374 1190 1414 καὶ
1205 1375 1375 1415 Διονύσου
1395 1376 1453 1415 ἐπὶ
1468 1379 1512 1429 τῇ
1533 1379 1625 1428 τομῇ
1647 1379 1708 1423 τῆς
1727 1376 1909 1428 ἀμπέλου,
1940 1377 1999 1415 καὶ
2017 1380 2060 1429 τῇ
2080 1377 2164 1429 γεύ-

1134 1450 1187 1473 σει
1215 1439 1275 1474 τοῦ
1292 1435 1384 1474 οἴνου
1404 1435 1464 1473 καὶ
1489 1437 1560 1473 τῶν
1588 1435 1704 1473 ἄλλων
1731 1438 1877 1490 καρπῶν
1889 1451 1897 1460 ·
1913 1435 2112 1489 Φιλόχορος
2132 1435 2169 1474 δέ

1133 1509 1237 1546 φησιν
1264 1496 1501 1545 ὀνομασθῆναι
1521 1493 1591 1532 ἀπὸ
1614 1498 1674 1532 τοῦ
1692 1494 1771 1533 τότε
1794 1494 1872 1538 τοὺς
1891 1492 2092 1548 ἀνθρώπους
2108 1493 2170 1538 τὰς

1134 1551 1315 1605 διατριὸὂις
1331 1553 1412 1607 περὶ
1435 1551 1498 1598 τὰς
1517 1552 1608 1596 ἅλως
1623 1556 1812 1592 ποιεῖσθαι.

1187 1611 1318 1650 Verba
1347 1610 1591 1666 Φιλόχορος...
1620 1615 1794 1651 ποιεῖσθαι
1829 1612 1987 1651 Suid.v.
2008 1610 2078 1650 Ἁλ.
2102 1626 2168 1650 re-

1134 1671 1285 1722 petivit.

1607 1725 1693 1762 163.

1187 1778 1376 1828 Harpocr.
1396 1791 1432 1815 v.
1450 1776 1601 1830 Χύτροις
1674 1776 1781 1816 Ἔστι
1808 1775 1845 1814 δὲ
1873 1775 1932 1814 καὶ
1955 1775 2094 1823 Ἀττική
2120 1793 2171 1820 τις

1134 1833 1236 1887 ἑορτὴ
1257 1833 1391 1888 Χύτροι
1404 1850 1413 1860 ·
1495 1835 1601 1887 ἤγετο
1635 1834 1670 1873 δὲ
1701 1839 1724 1883 ἡ
1757 1834 1859 1889 ἑορτὴ
1885 1836 2173 1888 Ἀνθεστηριῶνος

1133 1894 1234 1947 τρίτῃ
1253 1894 1310 1932 ἐπὶ
1332 1893 1439 1943 δέκα,
1463 1893 1510 1940 ὥς
1529 1910 1615 1948 φησι
1644 1894 1843 1947 Φιλόχορος
1869 1896 1903 1933 ἐν
1929 1896 1979 1948 τῷ
1999 1893 2078 1947 περὶ
2095 1896 2170 1947 ἑορ-

1135 1969 1219 1991 των.

1189 2012 1332 2050 Eadem
1377 2020 1528 2050 exstant
1571 2013 1676 2064 apud
1715 2012 1841 2050 Schol.
1885 2012 1934 2050 ad
1971 2012 2170 2063 Aristoph.

1136 2071 1296 2110 Acharn.
1317 2072 1415 2119 1075
1433 2080 1473 2109 et
1491 2071 1595 2123 apud
1609 2072 1762 2110 Suidam
1781 2073 1821 2110 h.
1843 2086 1880 2110 v.

1140 2182 1186 2214 ait
1209 2182 1408 2215 Pherecratis
1426 2182 1623 2223 testimonio,
1640 2182 1682 2214 ad
1696 2182 1800 2223 ipsius
1818 2191 1921 2223 usque
1941 2183 2071 2215 aetatem
2087 2191 2174 2215 com-

1140 2228 1245 2262 edisse
1261 2231 1454 2271 spectantes.
1470 2242 1485 2257 »

1613 2291 1629 2322 1
1640 2290 1701 2322 60.

1185 2347 1300 2379 Polum
1317 2347 1499 2388 tragoedum
1514 2346 1745 2378 Eratosthenes
1759 2347 1792 2378 et
1810 2345 2022 2378 Philochorus
2036 2345 2171 2386 scripse-

1143 2396 1219 2426 runt
1232 2403 1335 2427 annos
1356 2394 1560 2435 septuaginta
1584 2394 1699 2425 natum
1716 2394 1790 2425 octo
1815 2391 1981 2433 tragoediis
1996 2391 2168 2432 quatriduo

1142 2441 1323 2475 decertasse
1335 2441 1450 2483 paucis
1463 2442 1537 2473 ante
1548 2440 1672 2472 obitum
1686 2440 1812 2472 diebus.

1571 2512 1744 2526 4,-

1509 2564 1578 2604 DE
1612 2564 1799 2605 FESTIS.

1615 2642 1703 2675 161.

1190 2699 1310 2732 Haloa
1325 2700 1403 2731 sunt
1427 2698 1546 2731 festum
1562 2698 1705 2731 Atticum
1725 2721 1735 2737 ‚
1758 2696 1846 2737 quod
1861 2694 2073 2727 Philochorus
2098 2693 2173 2726 inde

1148 2755 1269 2779 nornen
1283 2746 1401 2778 habere
1418 2745 1481 2784 ait,
1498 2745 1586 2785 quod
1605 2744 1752 2776 homines
1771 2743 1868 2783 hujus
1891 2741 1963 2773 sesti
1977 2742 2122 2782 tempore
2136 2740 2170 2772 in

1145 2795 1226 2827 areis
1241 2794 1366 2836 (ἄλωσι)
1381 2795 1548 2824 versantur
1562 2802 1571 2831 ;
1585 2791 1618 2823 id
1635 2800 1710 2824 vero
1724 2789 1874 2822 celebrari
1890 2788 1967 2820 dicit
1986 2788 2019 2819 in
2036 2787 2118 2820 libro
2132 2787 2172 2820 de

1144 2841 1253 2874 Festis
1270 2848 1380 2872 mense
1395 2838 1581 2871 Posideone.

1614 2897 1698 2929 162.

1187 2959 1314 2998 Ηαίοα,
1329 2957 1461 2995 festum,
1479 2955 1566 2996 quod
1581 2954 1715 2987 Athenis
1731 2954 1918 2991 celebratur,
1933 2954 2087 2995 mysteria
2099 2962 2171 2985 con-

1146 3006 1251 3037 tinens
1268 3004 1392 3036 Cereris
1408 3027 1417 3042 ‚
1436 3002 1636 3043 Proserpinae
1652 3004 1684 3034 et
1700 3001 1816 3034 Bacchi
1832 3004 1960 3043 propter
1982 3001 2173 3042 amputatio-

1147 3062 1220 3085 nem
1233 3052 1309 3084 vitis
1323 3053 1355 3083 et
1367 3050 1583 3092 gustationem
1595 3050 1663 3082 vini
1680 3050 1881 3091 aliorumque
1900 3050 2078 3082 fructuum.
2100 3051 2170 3082 Phi-

1146 3099 1296 3130 lochorus
1313 3098 1388 3130 inde
1411 3097 1443 3129 id
1462 3106 1580 3129 nomen
1604 3097 1721 3130 habere
1745 3097 1808 3137 ait,
1832 3097 1918 3138 quod
1947 3097 2009 3129 hoc
2027 3100 2171 3138 tempore

1147 3146 1294 3177 homines
1312 3146 1343 3176 in
1360 3145 1442 3177 areis
1454 3146 1633 3177 versentur.

1617 3210 1689 3243 163

1192 3267 1319 3308 Caystri,
1346 3266 1465 3298 festum
1477 3266 1637 3306 Atticum;
1709 3266 1929 3299 celebrabatur
1950 3267 2059 3299 autem
2086 3275 2172 3299 men-

1147 3314 1193 3346 sis
1209 3312 1465 3345 Anthesterionis
1480 3312 1534 3344 die
1555 3313 1650 3345 tertia
1668 3312 1810 3352 decima,
1830 3314 1866 3345 ut
1882 3313 2094 3345 Philochorus
2114 3314 2173 3345 tra-

1147 3360 1195 3392 dit
1214 3360 1245 3392 in
1255 3368 1350 3400 opere
1364 3359 1404 3391 de
1417 3359 1532 3392 Festis.
