2320 3684
778 150 1059 194 HELLANICI
1086 150 1422 192 FRAGMENTA.
2121 157 2168 194 ⁵1

53 252 324 300 τελευτήσαντος
364 249 400 289 δὲ
431 252 491 288 τοῦ
522 246 705 294 Πέλοπος,
749 241 886 296 Ἀτρεὺς
923 239 1014 280 κατὰ
1048 238 1087 278 τὸ

53 311 288 366 πρεσὸύτερον
347 308 574 361 (Villoison.
614 305 706 356 legit
742 301 783 341 τὸ
823 298 1087 354 πρεσὸυτέριον,

56 373 171 423 vulgo
181 370 239 409 τὸν
259 367 398 424 πρεσὸ.)
413 366 474 406 σὺν
494 365 634 417 στρατῷ
652 363 773 415 πολλῷ
795 358 901 399 ἐλθὼν
918 357 1089 411 ἐκράτησε

57 432 130 468 τῶν
149 428 278 468 τόπων.
310 427 456 478 Ἱστορεῖ
477 422 694 466 Ἑλλάνικος.
729 424 803 459 Pro
832 417 1088 458 ἕπεὸούλευσαν

112 478 219 542 αὗτῷ,
245 486 369 525 codex
394 487 569 522 Venetus
596 478 853 526 ἐπεὸούλησαν,
876 475 1000 530 Ἀτρέα
1028 473 1088 513 καὶ

59 545 240 594 Θυέστην,
262 542 342 587 τοὺς
364 540 625 597 πρεσὸυτάτους
654 541 723 579 τῶν
753 537 902 584 παίδων,
922 537 970 579 εἰς
988 537 1091 572 τοῦτο

58 602 359 659 προστησάμενοι,

114 723 279 762 Pausan.
298 723 354 767 11,
385 720 446 767 16,
474 726 596 757 extr.:
617 714 825 760 Ἑλλάνικος
845 713 989 768 ἔγραψε,
1018 710 1094 750 Μέ-

0 816 8 823 .
61 782 165 820 δοντα
181 780 241 820 καὶ
254 779 426 834 Στρόφιον
441 776 604 831 γενέσθαι
618 774 766 829 Πυλάδῃ
786 775 916 818 παῖδας
932 771 967 818 ἐξ
989 769 1095 811 Ἠλέ-

58 854 177 894 κτρας.

318 1025 512 1065 IEPEIAI
545 1023 650 1065 ΤΗΣ
686 1022 835 1061 ΗΡΑΣ.

53 1189 56 1196 ’
117 1180 253 1233 steph.
267 1183 378 1230 Byz.:
397 1175 679 1228 Σίπυλος,πόλις
690 1175 867 1231 Φρυγίας·
888 1174 1098 1219 Ἑλλάνικος

65 1238 216 1295 Ἱερειῶν
233 1238 377 1293 πρώτῳ.

123 1368 255 1420 steph.
278 1371 388 1419 Byz.:
411 1365 553 1414 Φαίαξ,
569 1365 631 1404 καὶ
650 1363 828 1413 Φαιακία,
839 1362 910 1402 ἀπὸ
926 1363 1099 1407 Φαίακος.

68 1427 277 1472 Ἑλλάνικος
323 1427 473 1482 Ἱερείων
497 1424 553 1464 α’·
578 1423 725 1469 «Φαίαξ
748 1426 766 1462 ὃ
787 1424 1007 1467 Ποσειδῶνος
1042 1422 1102 1462 καὶ

70 1486 253 1541 Κερκύρας
285 1488 348 1533 τῆς
374 1483 582 1532 Ἀσωπίδος,
602 1482 662 1538 ἀφ’
686 1477 728 1530 ἧς
746 1485 769 1530 ἡ
799 1484 903 1529 νῆσος
935 1480 1102 1535 Κέρκυρα

67 1545 219 1595 ἐκλήθη,
242 1544 282 1584 τὸ
309 1545 391 1599 πρὶν
411 1543 576 1599 Δρεπάνη
596 1558 635 1581 τε
653 1541 713 1582 καὶ
737 1541 874 1596 Σχερία
891 1541 1102 1589 κληθεῖσα.»

552 1613 619 1652 46.

123 1674 367 1715 Constantia.
389 1673 632 1724 Porphyrog.
657 1672 851 1711 Thematt.
870 1674 922 1721 ΙΙ,
943 1685 978 1718 2,
1000 1684 1038 1722 p.
1053 1671 1102 1716 84

66 1734 129 1773 ed.
148 1738 289 1773 Meurs.
310 1733 448 1786 (Ludg.
469 1735 551 1770 Bat.
577 1730 691 1782 1617)
708 1728 935 1770 ιΜακεδονία
953 1733 975 1777 ἡ
1001 1729 1104 1784 χώρα

67 1793 258 1845 ὠνομάσθη
333 1791 404 1830 ἀπὸ
420 1791 621 1834 Μακεδόνος
636 1794 698 1829 τοῦ
718 1788 861 1838 Αἰόλου,
876 1791 922 1832 ὡς
934 1789 1104 1828 Ἑλλάνι-

68 1867 127 1896 κος
146 1851 277 1906 Ἱερίων
297 1851 384 1904 (leg.
399 1849 564 1904 Ἵερειῶν)
580 1848 703 1903 πρώτῃ
722 1851 791 1887 τῶν
806 1850 841 1887 ἐν
854 1847 984 1901 Ἀργει·
1007 1847 1105 1888 «Καὶ

71 1910 277 1954 Μακεδόνος
297 1908 440 1949 Αἰόλου·
461 1903 501 1948 οὗ
524 1909 610 1961 (leg.
640 1907 698 1962 ἀφ’
712 1902 764 1959 οὗ)
786 1910 886 1947 τονῦν
906 1906 1107 1951 Μακεδόνες

67 1970 271 2018 καλοῦνται,
294 1967 396 2020 μόνοι
416 1966 504 2019 μετὰ
522 1969 656 2007 Μυσῶν
672 1969 751 2006 τότε
768 1969 976 2011 οἰκοῦντες»

124 2097 260 2148 steph.
290 2100 398 2148 Byz.:
427 2096 575 2146 Νισαία,
607 2096 756 2135 ἐπίνειον
791 2094 1011 2149 Μεγαρίδος,
1045 2095 1106 2134 καὶ

71 2155 161 2203 αὐτὴ
182 2159 204 2203 ἡ
226 2155 402 2209 Μεγαρὶς,
423 2155 495 2205 ἀπὸ
514 2155 626 2195 Νίσου
648 2160 710 2195 τοῦ
730 2155 942 2200 Πανδίονος·
968 2154 1106 2194 Ἑλλά-

72 2269 138 2304 huc
153 2267 231 2300 illuc
246 2267 475 2300 discesserunt.
498 2266 560 2300 Sed
574 2267 649 2308 post
664 2266 790 2300 obitum
809 2266 954 2309 Pelopis,
973 2267 1103 2305 Atreus,

71 2315 192 2359 quippe
211 2314 267 2356 qui
282 2317 360 2347 natu
377 2314 540 2346 maximus
555 2315 652 2354 esset,
668 2322 785 2355 magno
801 2323 877 2347 cum
888 2313 1035 2347 exercitu
1049 2313 1104 2346 ad-

75 2362 208 2395 veniens
223 2361 288 2394 ista
298 2361 427 2402 regione
441 2360 563 2402 potitus
578 2362 638 2393 est.

557 2416 620 2450 43.

115 2468 302 2502 Hellanicus
321 2468 480 2510 scriptum
507 2468 638 2509 reliquit
659 2469 845 2503 Medontem
869 2473 903 2502 et
917 2471 1105 2512 Strophium

76 2516 207 2559 Pyladae
222 2515 347 2557 genitos
363 2524 435 2548 esse
454 2524 494 2548 ex
510 2515 649 2548 Electra.

175 2575 507 2617 SACERDOTES
534 2575 750 2617 JUNONIS
778 2577 1005 2619 ARGIVAE.

559 2642 624 2675 44.

117 2693 250 2735 Sipylus
262 2716 272 2734 ,
298 2692 377 2726 urbs
401 2694 560 2736 Phrygiae.
591 2694 777 2728 Hellanicus
799 2695 882 2729 libro
898 2696 1110 2729 sacerdotum

79 2742 196 2783 primo.

560 2795 625 2829 45.

120 2846 251 2886 Pham,
268 2847 301 2879 et
315 2846 476 2888 Phaeacia,
492 2855 511 2879 a
528 2847 674 2882 Phaeaca.
699 2848 884 2882 Hellanicus
897 2850 1110 2884 sacerdotum

80 2893 201 2935 primo:
215 2907 232 2920 a
243 2893 376 2934 Phaeax,
389 2893 474 2927 filius
488 2896 627 2938 Neptuni
640 2897 673 2928 et
683 2898 834 2938 cercyrae
842 2897 1002 2939 limpidis,
1017 2906 1037 2929 a
1048 2906 1111 2938 qua

82 2941 190 2973 insula
205 2943 344 2982 corcyra
366 2944 483 2975 vocata
506 2942 569 2975 suit
580 2966 590 2982 ,
616 2943 709 2984 prius
725 2945 756 2977 et
778 2945 924 2986 Drepane
939 2947 971 2978 et
983 2944 1111 2978 Scheria

83 2988 259 3021 nominata.
277 3000 294 3017 n

565 3044 628 3078 46.

126 3093 313 3126 Macedonia
327 3094 488 3135 appellata
500 3097 550 3128 est
562 3104 581 3127 a
593 3096 782 3138 Macedone,
798 3098 883 3130 AEoli
895 3098 973 3139 filio,
988 3100 1026 3130 ut
1040 3098 1112 3131 Hel-

84 3140 210 3172 lanicus
240 3140 325 3173 libro
361 3142 467 3183 primo
508 3142 549 3175 de
577 3144 805 3178 Sacerdotibus
849 3146 977 3187 Argivis
997 3156 1005 3177 ε
1037 3159 1052 3174 «
1072 3148 1113 3178 Et

86 3192 282 3234 Macedonis,
291 3193 376 3225 AEoli
388 3193 457 3235 filii,
466 3203 485 3226 a
497 3204 562 3236 quo
574 3196 767 3229 Maoedones
776 3197 978 3239 appellantur
985 3197 1039 3239 qui
1053 3198 1113 3230 soli

85 3248 162 3271 cum
179 3239 278 3280 Mysis
298 3239 362 3272 isto
380 3242 514 3282 quidem
529 3243 675 3285 tempore
686 3243 771 3277 hanc
784 3247 902 3277 terram
918 3245 1111 3278 incolebant.

129 3345 252 3384 Nisaea,
265 3346 379 3378 navale
396 3348 579 3389 Megaridis‚
596 3353 628 3381 et
643 3350 715 3391 ipsa
728 3351 866 3391 Megaris
881 3353 929 3383 sic
947 3350 1114 3383 dicebatur

88 3399 109 3426 a
122 3392 200 3425 Niso
220 3392 394 3426 Pandionis
412 3393 477 3426 filio
490 3418 500 3434 ,
528 3397 622 3436 cujus
646 3397 796 3430 meminit
814 3398 999 3431 Hellanicus
1026 3397 1109 3429 libro

1145 255 1237 284 νικος
1253 241 1288 279 ἓν
1309 240 1458 294 Ἱερειῶν
1482 240 1625 293 πρώτῳ.
1646 238 1720 280 ΚαὶΙ
1738 240 1773 279 ἐν
1791 238 1952 293 δευτέρῳ·
1979 240 2078 280 «Καὶ
2105 243 2173 284 Νι-

1146 298 1249 336 σαίαν
1273 293 1357 346 εἷλε,
1380 298 1440 338 καὶ
1459 298 1570 339 Νίσον
1598 296 1658 340 τὸν
1683 297 1896 346 Πανδίονος,
1920 298 1981 337 καὶ
2007 301 2174 355 Μεγαρέα

1145 355 1203 395 τὸν
1228 357 1454 411 Ὀγχήστιον.
1474 375 1490 393 »
1626 410 1678 449 48

1202 469 1336 521 Steph.
1352 473 1455 520 Byz.:
1469 469 1635 523 Φρίκιον,
1649 469 1726 524 ὅρος
1745 468 1832 524 ὑπὲρ
1852 471 2095 525 Θερμοπυλῶν
2114 475 2179 513 Λο-

1148 525 1282 578 κρικὸν,
1314 527 1374 581 ἀφ’
1403 522 1442 565 οἷ
1472 528 1650 581 Φρίκανες
1685 528 1746 567 καὶ
1779 531 1971 584 Φρικανεῖς
2004 533 2035 570 οἱ
2058 533 2179 572 αὐτόθι

1149 585 1355 660 οἰκήσαντες
1375 588 1534 636 Αἰολεῖς,
1555 589 1602 633 ὥς
1616 588 1824 633 Ἑλλάνικος
1840 591 1876 628 ἐν
1897 590 2046 644 Ἱερειῶν
2062 591 2179 646 ’Ἥρας

1150 646 1171 697 β
1632 700 1696 738 49.

1205 756 1343 808 steph.
1373 760 1464 807 Byz.
1491 757 1728 811 εΧαιρώνεια,
1761 760 1863 804 πόλις
1889 761 1973 814 πρὸς
2002 767 2072 806 τοῖς
2091 761 2182 814 ὅροις

1153 813 1337 863 Φωκίδος,
1414 814 1454 853 τὸ
1469 817 1608 868 πρῶτον
1629 814 1798 863 κέκληται
1823 818 1892 858 ἀπὸ
1920 820 2111 874 Χαίρωνος.
2130 844 2182 849 -

1151 876 1286 913 Τοῦτον
1305 872 1343 912 δὲ
1366 874 1616 925 μυθολογοῦσιν
1637 873 1854 920 Ἀπόλλωνος
1876 878 1936 916 καὶ
1960 881 2117 931 Θηροῦς,
2136 881 2183 922 ὡς

1154 931 1365 976 Ἑλλάνικος
1387 934 1422 971 ἐν
1447 931 1598 986 δευτέρῳ
1626 931 1776 986 Ἱερειῶν
1807 934 1941 989 Ἥρας·
1980 938 2184 984 «Ἀθηναῖοι

1153 993 1215 1032 καὶ
1235 993 1313 1045 μετ’
1335 991 1457 1037 αὐτοὺς
1479 992 1538 1033 ἐπὶ
1556 992 1635 1036 τοὺς
1655 993 1966 1048 Ὀρχομενίζοντας
1980 1000 2050 1037 τῶν
2073 998 2185 1038 Βοιώ-

1153 1069 1224 1092 των
1256 1052 1326 1103 (sc.
1357 1051 1495 1105 ἰόντες),
1521 1051 1579 1113 ἐπὶ
1612 1051 1843 1106 Ὀρχομενοῖς
1870 1055 1930 1094 καὶ
1962 1057 2183 1110 Χαιρώνειαν

1155 1113 1257 1151 πόλιν
1270 1111 1498 1166 Ὀρχομενῶν
1515 1113 1618 1150 εἷλον.
1639 1128 1655 1145 »
1672 1113 1787 1150 Plura
1800 1114 1985 1155 excidisse
1993 1116 2184 1155 videntur.

1209 1171 1271 1212 Ad
1292 1171 1406 1208 aliam
1431 1170 1737 1219 Orchomenum,
1764 1172 1998 1211 Phthiotidis
2029 1174 2186 1222 urbem,

1157 1229 1383 1268 referendus
1402 1238 1459 1268 est
1473 1229 1603 1269 Schol.
1618 1230 1796 1280 Apollon.
1811 1231 1885 1269 Rh.
1897 1234 1966 1276 III,
1984 1232 2080 1269 265:
2099 1231 2188 1272 Ἑλ-

1156 1286 1219 1327 λάν
1225 1286 1295 1332 ικός
1302 1303 1388 1342 φησι
1397 1287 1457 1327 τὸν
1470 1287 1671 1339 Ἀθάμαντα
1682 1288 1900 1342 Ὀρχομενὸν
1909 1289 1991 1342 (sic)
2000 1289 2186 1343 ᾠκηκέναι.

1213 1401 1349 1452 steph.
1369 1403 1459 1451 Byz.
1475 1417 1482 1438 :
1500 1399 1651 1451 Χαλκὶς,
1668 1401 1768 1442 πόλις
1785 1401 2190 1446 Efficiam—‘Enotu-

1160 1475 1219 1504 κος
1246 1459 1396 1512 ιἱερειῶν
1416 1459 1533 1512 εἬρας
1562 1459 1723 1513 δευτέρῳ·
1751 1461 1942 1508 «Θεοκλῆς
1957 1462 1998 1500 ἐκ
2015 1462 2191 1505 Χαλκίδος

1161 1517 1252 1570 μετὰ
1292 1518 1498 1559 Χαλκιδέων
1532 1515 1598 1564 τὴν
1634 1518 1775 1564 Ναξίων
1810 1521 1845 1557 ἐν
1882 1519 2028 1571 Σικελίῃ
2074 1521 2180 1559 πόλιν

1161 1577 1290 1620 ἔκτισε.
1303 1595 1319 1612 »
1684 1611 1688 1616 .

1647 1632 1710 1669 51.

1216 1685 1457 1723 Constantini.
1488 1684 1731 1736 Porphyrog.
1766 1685 1954 1724 Thi-matt.
1978 1689 2028 1733 11,
2067 1700 2125 1735 10,
2156 1702 2192 1738 p.

1169 1759 1238 1783 102
1260 1744 1305 1797 (s.
1318 1744 1397 1782 vol.
1414 1747 1470 1782 VI
1485 1747 1590 1794 Opp.
1613 1743 1772 1782 Meursii
1790 1757 1827 1795 p.
1854 1743 1970 1797 1464)
1988 1761 1996 1783 :
2015 1742 2060 1783 Ὁ
2074 1760 2195 1799 γραμ-

1164 1802 1312 1855 ματικὸς
1334 1801 1513 1856 Στέφανος
1537 1801 1684 1856 γράφει·
1709 1802 1856 1842 Σικελία
1876 1806 1898 1851 ἡ
1917 1807 2021 1851 νῆσος
2044 1804 2195 1844 Σικανία

1162 1863 1330 1919 πρότερον
1348 1862 1562 1914 ὠνομάζετο.
1580 1857 1671 1902 Εἶτα
1691 1863 1839 1902 Σικελία
1852 1864 1982 1912 ἐκλήθη
1995 1893 2006 1913 ,
2025 1863 2071 1909 ὥς
2090 1880 2194 1918 φησιν

1163 1922 1389 1972 Ἑλλάνικος,
1409 1922 1561 1975 Ἱερειῶν
1581 1924 1644 1969 τῆς
1662 1920 1777 1976 εἨρας
1799 1921 1843 1974 β’.

1218 2037 1353 2087 steph.
1368 2039 1478 2086 Byz.:
1499 2034 1648 2083 Χαονία,
1666 2033 1756 2086 μέση
1776 2037 1839 2082 τῆς
1858 2035 2038 2088 Ἠπείρου.
2052 2064 2101 2071 -
2115 2036 2197 2075 Ἕλ-

1163 2094 1303 2139 λάνικος
1323 2094 1472 2148 Ἱερειῶν
1489 2093 1539 2133 “H
1545 2109 1605 2148 ρας
1616 2093 1736 2147 τρίτῳ·
1751 2101 1773 2129 ἰι
1787 2093 2050 2148 Ἀμὸρακιῶται
2061 2125 2070 2142 ,
2081 2096 2141 2135 καὶ
2166 2098 2197 2135 οἵ

1166 2154 1243 2207 μετ’
1260 2155 1374 2192 αὐτῶν
1394 2153 1548 2202 Χάονες,
1568 2152 1631 2191 καὶ
1655 2153 1886 2207 Ἠπειρῶται.
1902 2173 1917 2189 υ

1163 2266 1269 2307 primo
1278 2266 1318 2298 de
1328 2264 1554 2298 Sacerdotibus
1563 2266 1583 2297 J
1587 2263 1703 2296 unonis
1712 2275 1721 2304 ;
1737 2267 1833 2296 etiam
1846 2265 1929 2297 libro
1939 2266 2082 2298 secundo
2099 2276 2107 2298 ε
2125 2280 2140 2294 «ι
2156 2270 2199 2299 Et

1164 2313 1304 2346 Nisaeam
1312 2312 1446 2355 cepit,et
1451 2312 1567 2346 Nisum
1574 2311 1799 2352 PandioniS‚et
1805 2313 1951 2353 Megarea
1958 2313 2196 2346 Onchestium.»

1209 2407 1375 2439 Phricium
1388 2430 1397 2446 ‚
1413 2415 1510 2438 mons
1529 2415 1628 2447 supra
1641 2360 1874 2448 'f'hgennopylas
1890 2409 2060 2440 Locrensis
2071 2432 2080 2447 ,
2098 2417 2117 2440 a
2132 2417 2198 2449 quo

1167 2454 1343 2486 Phricanes
1359 2456 1391 2486 et
1406 2453 1640 2486 Phricanenses
1655 2453 1736 2484 inibi
1753 2453 1934 2486 habitantes
1944 2454 2062 2495 AEoles,
2081 2458 2117 2486 ut
2124 2455 2197 2488 Hel-

1167 2501 1293 2535 lanicus
1308 2501 1452 2534 secundo
1469 2500 1679 2533 sacerdotum
1692 2502 1712 2532 J
1714 2500 1843 2533 unouis.

1211 2596 1407 2637 Chaeronea,
1437 2595 1517 2628 urbs
1533 2595 1574 2627 ad
1595 2549 1852 2628 ίίυθέθῇὴοοίᾶίε
1925 2594 2067 2636 primum
2082 2599 2196 2628 vocata

1169 2643 1231 2675 suit
1248 2652 1268 2675 a
1283 2643 1452 2676 Chaerone.
1470 2644 1565 2675 Hunc
1578 2644 1686 2674 autem
1706 2642 1892 2674 fabulantur
1909 2642 2063 2681 Apollinis
2077 2644 2109 2674 et
2117 2643 2197 2675 The-

1170 2699 1227 2723 rus
1245 2690 1360 2730 filium,
1372 2691 1410 2722 ut
1419 2689 1607 2722 Hellanicus
1620 2689 1654 2720 in
1671 2689 1812 2721 secundo
1821 2689 2028 2721 sacerdotum
2037 2691 2056 2720 J
2058 2689 2174 2722 unonis
2186 2699 2195 2721 z

1173 2750 1188 2765 «
1203 2738 1427 2778 Athenienses,
1458 2738 1490 2769 et
1506 2739 1579 2778 post
1605 2736 1693 2777 ipsos
1709 2736 1864 2768 adversus
1891 2735 2197 2769 Orchomenizontes

1171 2786 1358 2817 Boeotorum
1373 2783 1521 2826 profecti,
1539 2786 1613 2824 post
1631 2783 1852 2815 Orchomenos
1871 2781 1968 2814 etiam
1984 2782 2197 2816 Chaeroneam

1171 2832 1286 2865 urbem
1300 2832 1577 2864 Orchomenorum
1596 2838 1717 2871 cepere.
1737 2843 1753 2858 »

1213 2879 1398 2912 Hellanicus
1413 2877 1492 2911 dicit
1507 2878 1733 2910 Athamantem
1747 2876 1942 2909 orchomeni
1957 2876 2133 2911 habitasse.

1213 2972 1343 3005 Chalcis
1357 2996 1366 3012 ‚
1388 2972 1466 3004 urbs
1485 2970 1628 3003 Euboeae.
1645 2926 1886 3003 {OHellanicus
1908 2970 2118 3003 sacerdotum
2140 2974 2195 3005 Ju-

1172 3020 1267 3052 nonis
1296 3019 1437 3051 secundo
1455 3028 1463 3050 :
1481 3031 1496 3046 «
1513 3016 1666 3052 Theocles
1675 3025 1717 3049 ex
1730 3016 1884 3049 Chalcide
1898 3026 1964 3049 una
1975 3026 2050 3049 cum
2072 3018 2196 3052 Chalci-

1172 3066 1327 3099 densibus
1343 3065 1519 3098 Naxiorum
1531 3064 1563 3095 in
1576 3062 1684 3094 Sicilia
1697 3061 1812 3093 urbem
1827 3062 2009 3095 condidit.»

1214 3160 1396 3201 Stephanus
1423 3111 1801 3199 grammaticus5sizribit:
1834 3157 1941 3190 Sicilia
1971 3158 2078 3191 insula
2104 3160 2195 3201 prius

1173 3207 1298 3240 Sicania
1313 3205 1496 3245 dicebatur,
1514 3203 1630 3236 deinde
1646 3204 1764 3237 Siciliae
1778 3213 1897 3237 nomen
1915 3206 2058 3247 accepit,
2076 3209 2112 3240 ut
2127 3207 2198 3240 Hel-

1172 3254 1297 3286 lanicus
1314 3252 1358 3284 ait
1372 3252 1454 3283 libro
1467 3250 1610 3284 secundo
1626 3251 1667 3284 de
1681 3252 1820 3284 Junonis
1836 3253 2069 3285 sacerdotibus.

1214 3347 1371 3386 Chaonia,
1388 3346 1495 3378 media
1507 3345 1606 3386 Epiri.
1623 3300 1809 3378 nglianicus
1828 3348 1848 3379 J
1851 3347 1968 3379 unonis
1987 3347 2196 3381 sacerdotum

1173 3395 1281 3429 tertio:
1297 3406 1312 3422 «
1321 3393 1586 3433 Ambraciotae,et
1594 3393 1651 3434 qui
1660 3401 1736 3426 cum
1748 3393 1795 3427 eis
1807 3394 1966 3437 Chaones,
1974 3398 2007 3430 et
2016 3393 2168 3434 Epirotae.
2180 3407 2194 3425 ³>

2018 3458 2044 3485 4.
