2320 3684
843 135 976 177 ISTRI
1004 136 1339 179 FRAGMENTA.

2089 150 2164 183 4¹9

49 229 120 268 τῶν
131 225 308 268 Ἀτάκτων
326 227 475 282 ἱστορεῖ,
489 225 614 270 οὕτως·
634 243 650 260 α
666 224 752 265 Ἀπὸ
771 223 808 264 δὲ
823 227 886 272 τ’ῆς
903 224 1080 278 παραλίας
1137 227 1181 278 τῇ
1197 226 1377 281 δωδεκάτῃ
1395 230 1457 275 τῆς
1468 229 1701 281 Συναγωγῆς,
1719 229 1775 268 διὰ
1792 229 1832 268 τὸ
1849 230 1931 284 παρ’
1949 232 2114 270 Αἰολεῦσι
2127 230 2167 270 τὸ

49 287 108 326 ἐπὶ
131 287 194 339 μὲν
216 286 312 325 λείαν
331 284 475 340 πέτραν.
497 303 513 319 ›·
537 285 609 324 Καὶ
633 284 709 336 μετ’
729 284 848 336 ὀλίγα·
868 302 883 319 α
901 283 987 323 Ἀπὸ
998 282 1080 322 τού-

49 362 109 387 του
135 345 172 385 δὲ
207 344 272 389 ἕως
300 346 467 384 Κολωνοῦ
494 343 592 398 παρὰ
619 343 678 383 τὸν
702 345 866 384 Χαλκοῦν
897 358 1077 397 προσαγο-

51 404 246 460 ρευόμενον,
268 403 343 442 ὅθεν
364 403 450 458 πρὸς
467 403 526 442 τὸν
550 402 711 458 Κηφισὸν
733 401 796 446 ἕως
819 405 879 449 τῆς
908 405 1080 453 μυστικῆς

48 463 182 503 εἰσόδου
210 465 257 507 εἷς
283 462 489 502 Ἐλευσῖνα·
511 462 582 501 ἀπὸ
595 461 723 510 ταύτης
743 460 781 501 δὲ
802 460 1012 514 βαδιζόντων
1033 463 1080 505 εἷς

50 523 237 562 Ἐλευσῖνα
266 520 312 560 τὰ
338 519 551 575 ἓπαριστερὰ
576 519 682 575 μέχρι
702 525 764 560 τοῦ
782 519 891 574 λόφου
914 524 976 558 τοῦ
994 520 1080 573 πρὸς

48 579 222 627 ἀνατολὴν
237 583 300 619 τοῦ
317 580 495 632 Αἷγάλεω.
516 599 532 615 »

434 679 587 768 LIBE7R
613 677 686 718 lII.

100 790 328 838 Harpocrat.
347 802 355 824 :
374 784 619 832 Παναθήναια.
698 781 839 833 Ἤγαγε
859 782 895 819 δε
915 780 978 827 τὴν
999 782 1078 834 ἑορ-

46 842 111 891 τὴν
127 846 266 897 πρῶτος
293 843 509 899 Ἐριχθόνιος
525 846 544 882 ὁ
559 841 767 896 Ἡφαίστου.
849 839 926 894 Πρὸ
955 837 1079 877 τούτου

47 902 213 950 Ἀθήναια
229 905 401 953 ἐκαλεῖτο,
417 905 464 947 ὣς
483 902 678 950 δεδήλωκεν
691 899 828 953 Ἴστρος
844 900 880 937 ἐν
893 897 994 952 τρίτῃ
1009 899 1078 936 τῶν

47 961 231 1003 Ἀττικῶν.

98 1069 253 1108 Suidas:
273 1068 519 1124 Ταυροπόλον,
537 1068 602 1116 τὴν
622 1067 802 1122 Ἄρτεμιν,
823 1064 876 1104 ὅτι
893 1066 940 1108 ὡς
955 1068 1081 1118 ταῦρος

44 1125 193 1181 περίεισι
209 1127 346 1177 πάντα,
363 1130 410 1172 ὡς
427 1127 702 1181 Ἀπολλόδωρος·
721 1124 856 1180 Ἴστρος
873 1124 902 1163 δ’
923 1126 958 1163 ἓν
971 1124 1080 1178 τρίτῳ

45 1184 237 1235 Ἀτάκτων,
280 1186 332 1226 ὅτι
368 1187 426 1226 τὸν
458 1187 527 1226 ὑπὸ
563 1187 783 1229 Ποσειδῶνος
817 1182 1079 1237 ἐπιπεμφθέντα

44 1243 246 1299 Ἱππολύτῳ
266 1251 394 1301 ταῦρον
415 1246 632 1301 ἐξῴστρησεν
653 1246 712 1285 ἐπὶ
731 1251 849 1284 πᾶσαν
875 1246 954 1295 γῆν.

98 1306 242 1344 Eadem
271 1307 384 1357 plane
417 1307 575 1345 exhibet
601 1307 712 1345 Phot.
745 1309 838 1344 Lex.
872 1307 918 1342 In
950 1306 1077 1353 Etym.

44 1367 94 1402 M.
130 1373 168 1403 et
193 1365 295 1416 apud
326 1366 587 1404 Phavorinum
615 1365 770 1404 nonnisi
800 1362 968 1402 auctoris
1004 1376 1079 1400 no-

44 1436 132 1462 men
152 1426 449 1476 praetermissum
461 1434 530 1464 est.
546 1425 766 1477 Apostolius
783 1431 980 1462 auctorem
997 1421 1080 1472 qui-

42 1483 130 1522 dem
148 1485 345 1532 nominat,
360 1485 426 1523 sed
442 1486 585 1524 omittit
601 1486 637 1524 ἐν
659 1500 713 1539 τρ.
729 1483 872 1523 Ἀτάκτ.
891 1491 929 1521 et
944 1481 1079 1520 scribit

43 1540 174 1581 ἔκτεινε
195 1557 269 1595 pro
292 1542 340 1588 ἐξ.
362 1544 390 1581 ε’.
410 1549 495 1582 πᾶσ.
516 1548 596 1596 γῆν.

444 1657 599 1748 ΠΒξΒ
617 1659 686 1698 IV.

94 1763 223 1802 Schol.
253 1764 436 1816 Sophocl.
469 1740 573 1803 oEds
595 1764 679 1803 Col.
705 1770 754 1809 [γι
777 1779 785 1802 :
806 1762 943 1816 Ἴστρος
971 1762 1006 1799 ἓν
1033 1763 1077 1814 τῇ

40 1822 190 1877 τετάρτῃ
217 1821 353 1878 μητέρα
377 1825 447 1863 τῶν
467 1823 673 1875 Εὐμενίδων
692 1822 892 1873 Εὖωνύμην
913 1820 1076 1875 ἀναγρά-

41 1897 116 1937 φει,
133 1881 176 1930 ἣν
193 1881 397 1934 νομίζεσθαι
412 1885 500 1931 Γῆν.

419 1957 573 2035 LIBE‘R
610 1997 697 2036 XII.

92 2103 267 2154 Apostol.
298 2105 403 2151 XIV,
431 2050 726 2154 40:1‘gissolxdfioc
752 2102 851 2146 Ζεύς.
879 2103 1014 2157 Ἴστρος
1040 2104 1074 2141 ἐν

20 2218 94 2245 ‘ora
114 2211 277 2245 maritima
297 2211 345 2245 ad
362 2220 485 2254 rupem
504 2212 645 2250 laevem,
664 2225 681 2241 u
699 2214 732 2245 et
747 2212 884 2254 deinde,
906 2212 1017 2254 paucis
1033 2213 1079 2244 in·

36 2259 178 2300 terjectis
196 2269 204 2290 :
224 2272 241 2288 α
262 2259 312 2292 Ab
327 2260 390 2292 hoc
404 2269 508 2301 usque
523 2259 564 2292 ad
583 2260 744 2293 colonum
761 2261 854 2302 Juxta
873 2260 982 2292 locum
994 2284 1004 2300 ,
1021 2260 1078 2302 qui

37 2306 155 2339 dicitur
170 2316 306 2346 oeneus,
339 2309 437 2348 atque
462 2307 538 2340 inde
568 2316 683 2340 versus
709 2308 885 2349 cephisum
905 2316 1009 2348 usque
1036 2308 1077 2340 ad

36 2354 123 2386 viam
140 2354 329 2395 mysticam,
347 2363 422 2395 quae
442 2354 630 2387 Eleusinem
645 2355 753 2395 ducit;
771 2355 812 2387 ab
828 2363 884 2393 eo,
905 2354 991 2386 unde
1008 2355 1077 2387 haec

35 2401 91 2433 via
105 2401 236 2442 incipit,
255 2401 327 2433 loco
346 2401 627 2443 progredientibus
644 2401 686 2434 ad
702 2402 866 2434 sinistram
884 2404 1076 2443 prospectus

38 2450 124 2490 patet
143 2457 246 2490 usque
264 2448 305 2481 ad
323 2449 438 2481 collem
460 2449 627 2490 AEgaleum
640 2472 649 2488 ,
669 2449 725 2490 qui
742 2450 900 2483 orientem
918 2450 1073 2489 spectat.»

480 2516 630 2527 -—-——-

432 2557 585 2597 LIBER
613 2558 684 2597 III.

536 2635 573 2666 7.

79 2690 302 2723 Panathenaea.
325 2693 447 2724 Auctor
469 2690 544 2724 sesti
563 2691 793 2724 Erichthonius
813 2691 949 2724 Vulcani
965 2692 1072 2733 filius,

39 2737 95 2789 sed
107 2740 181 2770 ante
196 2737 445 2770 Erichthonium
462 2738 617 2771 Athenaea
631 2738 719 2771 dicta
734 2738 833 2770 fuisse
842 2762 851 2776 ,
868 2741 949 2771 Ister
962 2739 1074 2772 docuit

39 2790 70 2814 in
86 2784 182 2816 tertio
197 2785 318 2817 Rerum
337 2784 527 2817 Atticarum.

535 2845 571 2878 8.

68 2895 286 2937 Tauropolum
293 2898 412 2929 vocant
421 2896 570 2937 Dianam,
581 2897 670 2938 quod
678 2898 833 2939 tanquam
841 2900 954 2931 taurus
963 2900 1071 2932 omnia

37 2940 214 2974 circumeat
228 2944 261 2975 et
274 2942 408 2983 lustret,
424 2946 462 2976 ut
476 2944 694 2985 Apollodorus
710 2944 773 2985 ait;
791 2946 829 2976 ut
845 2947 927 2977 Ister
942 2955 1020 2978 vero
1037 2947 1070 2978 li-

39 2986 98 3020 bro
118 2989 211 3022 tertio
238 2990 518 3023 Miscellaneorum
539 2993 653 3024 auctor
674 2994 740 3032 est,
770 2993 858 3033 quod
881 2995 1012 3025 taurum
1038 2995 1070 3026 in

40 3034 251 3078 Hippolytum
265 3047 284 3070 a
298 3039 448 3079 Neptuno
463 3039 647 3071 immissum
661 3047 719 3080 per
730 3048 844 3072 omnes
857 3041 958 3072 terras
972 3043 1072 3073 (nstro

39 3082 196 3123 percitum
207 3085 386 3125 agitaverit.

456 3162 628 3172 ——·—

430 3161 582 3239 LIBFJR
611 3200 681 3239 IV.

535 3271 571 3303 9.

82 3322 163 3354 Ister
188 3322 271 3356 libro
293 3326 408 3365 quarto
431 3325 566 3366 scribit,
593 3326 811 3359 Eumenidum
836 3328 968 3360 matrem
999 3335 1070 3359 esse

41 3368 261 3410 Euonymam,
280 3380 354 3412 quae
369 3381 441 3404 esse
458 3374 556 3405 Terra
570 3374 715 3414 putetur.

1137 286 1365 336 ὁμονοητικὸν
1383 287 1442 326 καὶ
1468 287 1639 341 εἰρηνικὸν
1660 287 1787 340 ὅμολον
1806 288 1981 341 λέγεσθαι.
2001 286 2107 329 ’Έστι
2130 289 2166 327 δὲ

1138 343 1199 382 καὶ
1217 345 1391 400 Δημήτηρ
1411 346 1594 399 Ὁμολωία
1614 349 1649 386 ἐν
1670 347 1819 396 Θήὸαις.

1191 404 1336 443 Eadem
1373 408 1476 457 apud
1499 408 1680 446 Photium
1695 437 1705 456 ,
1742 407 1898 447 Suidam
1922 416 1961 446 et
1979 409 2162 447 Phavori-

1139 476 1244 502 num.

1626 539 1685 577 ll.

1193 605 1323 644 schol.
1338 607 1536 658 Aristoph.
1555 611 1627 646 Av.
1651 610 1752 660 1694
1774 624 1782 646 z
1805 607 1928 663 Κρήνη
1938 609 1973 647 ἐν
1983 608 2171 662 ἀκροπόλει

1139 665 1160 709 ἡ
1189 663 1397 718 Κλεψύδρα,
1415 661 1457 714 ἧς
1472 666 1608 720 Ἴστρος
1625 669 1660 706 ἐν
1678 671 1722 720 τῇ
1741 666 1787 707 ιδ’
1799 666 1996 719 μέμνηται,
2014 667 2058 707 τὰ
2073 668 2171 723 παρὰ

1139 727 1209 765 τοῖς
1225 727 1480 777 συγγραφεῦσιν
1498 725 1761 777 ἀναλεγόμενος·
1779 725 1888 770 οὕτως
1902 725 1938 764 δὲ
1952 725 2171 778 ὠνόμασται,

1139 780 1259 829 ἐπειδὴ
1297 782 1503 836 ἀρχομένων
1530 786 1599 822 τῶν
1629 785 1778 833 ἐτησίων
1805 787 2022 840 πληροῦται,
2055 802 2171 825 παυο-

1141 839 1256 890 μένων
1275 839 1312 878 δὲ
1329 841 1449 892 λήγει,
1466 841 1594 893 ὁμοίως
1610 844 1660 896 τῷ
1681 844 1810 897 Νείλῳ,
1830 843 1950 898 ὥσπερ
1967 845 2028 883 καὶ
2053 844 2117 893 τὴν
2135 846 2170 883 ἐν

1139 898 1247 952 Δήλῳ
1287 898 1431 954 κρήνην.
1472 902 1534 944 Εἷς
1563 901 1693 950 ταύτην
1723 902 1761 940 δέ
1793 919 1897 957 φησιν
1930 903 2171 956 ᾑματωμένην

1140 957 1269 1012 φιάλην
1291 962 1468 998 πεσοῦσαν
1486 961 1633 1014 ὀφθῆναι
1653 963 1687 1000 ἐν
1702 964 1753 1015 τῷ
1769 963 1983 1017 Φαληρικῷ,
2004 962 2173 1016 ἀπέχοντι

1141 1017 1301 1062 σταδίους
1335 1019 1463 1057 εἴκοσι·
1495 1019 1580 1072 φασὶ
1613 1019 1650 1058 δὲ
1682 1019 1790 1068 αὐτὴν
1831 1022 2024 1075 ἀπέραντον
2068 1022 2172 1074 βάθος

1139 1075 1232 1129 ἔχειν
1245 1108 1256 1126 ,
1272 1078 1313 1115 τὸ
1331 1076 1368 1116 δὲ
1394 1076 1487 1132 ὕδωρ
1507 1078 1676 1133 ἁλμυρόν.

1194 1138 1251 1175 Cf.
1288 1137 1457 1188 Hesych.
1484 1146 1523 1176 et
1554 1139 1670 1176 Phav.
1691 1153 1719 1176 s.
1741 1153 1777 1177 v.
1800 1139 1988 1193 Κλεψύδρα
2019 1149 2057 1178 et
2077 1142 2173 1179 Κλε-

1139 1196 1304 1250 ψίῤῥυτον
1324 1195 1429 1250 ὕδωρ.

1521 1284 1790 1302 ⁴0-—

1508 1346 1660 1386 LIBER
1689 1347 1796 1386 XIII.

1627 1428 1687 1466 12.

1193 1506 1383 1544 Plutarch.
1403 1505 1517 1543 Thes.
1538 1519 1570 1543 c.
1602 1506 1650 1549 34
1676 1520 1684 1542 ε
1708 1503 1814 1543 Ἴδιον
1838 1503 1877 1543 δέ
1902 1520 1980 1543 τινα
2009 1504 2070 1543 καὶ
2102 1520 2176 1542 πα-

1141 1563 1384 1619 ρηλλαγμένον
1408 1563 1497 1608 ὅλως
1515 1562 1618 1615 λόγον
1646 1566 1664 1601 ὁ
1685 1562 1828 1617 -Ἴστρος
1843 1564 1878 1601 ἐν
1903 1566 1948 1616 τῇ
1974 1564 2176 1617 τρισκαιδε-

1138 1624 1230 1677 κάτῃ
1252 1626 1321 1663 τῶν
1347 1624 1513 1662 Ἀττικῶν
1530 1621 1696 1677 ἀναφέρει
1721 1622 1802 1676 περὶ
1824 1621 1972 1676 Αἴθρας,
2002 1624 2049 1667 ὡς
2077 1622 2175 1661 ἐνίων

1137 1683 1311 1735 λεγόντων
1346 1681 1568 1734 Ἀλέξανδρον
1595 1681 1672 1733 μὲν,
1699 1679 1758 1720 τὸν
1783 1682 1818 1720 ἓν
1837 1681 2022 1735 Θεσσαλίᾳ
2047 1681 2176 1734 Πάριν,

1141 1744 1200 1782 ὑπ’
1220 1741 1411 1796 Ἀχιλλέως
1428 1741 1488 1780 καὶ
1506 1739 1716 1794 Πατρόκλου
1732 1740 1834 1794 μάχῃ
1848 1744 2068 1794 κρατηθῆναι
2080 1740 2178 1794 παρὰ

1137 1803 1196 1842 τὸν
1227 1801 1436 1856 Σπερχειὸν,
1467 1800 1629 1854 Ἕκτορα
1665 1798 1700 1838 δὲ
1729 1799 1793 1847 τὴν
1824 1799 2042 1852 Τροιζηνίων
2073 1798 2176 1838 πόλιν

1137 1860 1292 1901 λαὸόντα
1310 1859 1523 1914 διαρπάσαι,
1540 1858 1599 1897 καὶ
1619 1857 1682 1906 τὴν
1704 1858 1835 1913 Αἴθραν
1854 1857 2002 1909 ἀπάγειν
2024 1860 2095 1896 ἐκεῖ
2112 1873 2176 1895 κα-

1138 1922 1396 1974 ταλειφθεῖσαν,
1431 1917 1539 1958 Ἀλλὰ
1577 1921 1680 1956 τοῦτο
1712 1916 1775 1969 μὲν
1809 1916 1885 1969 ἔχει
1926 1915 2060 1963 πολλὴν
2089 1918 2176 1954 ἀλο-

1137 1981 1232 2033 γίαν.

1191 2039 1449 2080 Scribendum
1474 2037 1627 2076 videtur
1645 2035 1869 2081 Ἀλέξανδρον
1897 2035 1975 2088 μὲν,
1999 2035 2057 2075 τὸν
2089 2035 2174 2074 Πά-

1139 2117 1205 2156 ριν,
1224 2101 1260 2139 ἒν
1279 2097 1466 2152 Θεσσαλία
1482 2095 1542 2135 ὑπ’
1562 2096 1634 2149 Ἀχ.
1650 2112 1684 2136 κ.
1702 2098 1749 2135 Π.
1770 2111 1803 2134 κ.
1822 2110 1854 2136 τ.
1875 2097 1907 2133 λ.

1522 2208 1677 2247 LIBER
1707 2206 1797 2246 XII.

1180 2322 1308 2364 Jupiter
1325 2319 1528 2353 Homoloius.
1552 2266 1643 2351 Ister1
1652 2267 1737 2350 iibro
1754 2316 1946 2350 duodecimo
1969 2316 2176 2349 collectionis

1137 2369 1214 2401 hinc
1228 2367 1420 2410 paroemiam
1436 2366 1511 2399 duci
1526 2366 1586 2405 ait,
1605 2365 1694 2406 quod
1710 2365 1818 2398 AEoles
1832 2373 2028 2397 consensum
2044 2373 2174 2396 concor-

1136 2417 1288 2458 diamque
1303 2415 1472 2457 pacificam
1489 2414 1602 2455 ὅμολον
1619 2413 1792 2455 appellent.
1811 2415 1869 2445 Est
1884 2412 1980 2444 etiam
1998 2414 2095 2444 ceres
2111 2413 2173 2443 Ho-

1136 2463 1258 2496 moloia
1278 2462 1407 2495 Thebis.

1177 2557 1355 2599 clepsydra
1367 2557 1419 2588 est
1435 2555 1508 2588 sons
1523 2556 1556 2588 in
1573 2564 1662 2592 arce,
1678 2555 1772 2596 cujus
1788 2555 1871 2587 Ister
1886 2554 1969 2586 libro
1983 2552 2173 2585 duodecimo

1136 2606 1213 2638 facit
1228 2604 1442 2642 mentionem,
1460 2604 1613 2644 colligens
1631 2612 1706 2644 quae
1723 2602 1895 2643 scriptores
1915 2601 1954 2632 de
1969 2610 2007 2632 eo
2025 2599 2169 2631 tradide-

1134 2655 1221 2685 runt.
1244 2655 1369 2685 Nomen
1393 2650 1492 2683 habet
1513 2650 1608 2689 inde,
1629 2649 1716 2691 quod
1740 2649 1857 2681 Etesiis
1878 2647 2099 2680 exorientibus
2121 2656 2171 2678 ac-

1134 2700 1271 2739 crescit,
1294 2697 1498 2731 cessantibus
1525 2698 1564 2729 iis
1586 2697 1762 2735 decrescit,
1786 2695 1934 2727 similiter
1957 2703 1995 2726 ac
2025 2694 2117 2726 Nilus
2139 2696 2172 2726 et

1134 2747 1224 2788 sons,
1242 2746 1299 2788 qui
1315 2746 1349 2777 in
1370 2745 1450 2777 Delo
1466 2745 1572 2776 insula
1586 2746 1654 2783 est;
1672 2743 1810 2785 phialam
1826 2743 1935 2774 autern
1952 2742 2169 2780 cruentatam,

1133 2803 1207 2835 quae
1224 2794 1255 2826 in
1271 2802 1347 2826 eum
1367 2792 1553 2831 incidisset,
1574 2792 1780 2832 conspectam
1799 2798 1869 2821 esse
1886 2789 1918 2820 in
1939 2788 2106 2821 Phalerico
2124 2788 2170 2818 vi-

1133 2843 1211 2883 ginti
1234 2842 1339 2875 stadia
1354 2840 1495 2873 distante
1512 2850 1520 2871 :
1540 2840 1731 2872 immensam
1753 2838 2006 2880 profunditatem
2024 2846 2099 2869 eum
2116 2837 2169 2869 ha-

1132 2890 1208 2922 bere
1223 2891 1330 2929 aiunt,
1348 2896 1464 2927 aquam
1478 2897 1557 2920 vero
1571 2888 1641 2928 eJus
1657 2887 1774 2919 salsam
1790 2894 1871 2917 esse.

1551 2945 1560 2947 -
1563 2938 1671 2952 ——000
1675 2939 1749 2950 0,--

1509 2982 1658 3021 LIBER
1681 2981 1791 3019 XIII.

1173 3097 1297 3127 Novam
1319 3096 1352 3126 et
1373 3094 1535 3126 diversam
1557 3091 1651 3134 plane
1676 3091 1844 3125 historiam
1867 3091 1963 3124 refert
1984 3091 2024 3124 de
2051 3091 2166 3124 AEthra

1132 3143 1228 3180 Ister,
1251 3141 1284 3172 in
1311 3141 1406 3173 tertio
1425 3140 1554 3172 decimo
1579 3138 1663 3170 libro
1675 3141 1797 3171 Rerum
1812 3139 2013 3179 Atticarum,
2040 3138 2165 3179 predia

1131 3188 1337 3229 quibusdam,
1353 3186 1569 3219 Alexandrum
1586 3185 1680 3218 Parin
1703 3186 1736 3218 in
1752 3185 1916 3219 Thessalia
1937 3185 1978 3218 ab
1993 3185 2115 3218 Achille
2131 3189 2164 3217 ot

1131 3235 1278 3267 Patroclo
1295 3243 1402 3275 pugna
1417 3234 1456 3266 ad
1474 3233 1663 3275 Sperchium
1677 3242 1806 3267 amnem
1827 3233 1938 3266 susum
1960 3233 2076 3274 fuisse,
2102 3236 2163 3266 He-

1130 3284 1252 3314 ctorem
1282 3281 1522 3313 Troezeniorum
1545 3281 1723 3322 oppidum,
1747 3290 1848 3322 quum
1870 3281 1901 3313 id
1923 3283 2159 3322 expugnasset,

1130 3326 1320 3368 diripuisse,
1337 3330 1370 3360 et
1390 3329 1536 3360 AEthram
1552 3328 1616 3360 illic
1631 3328 1809 3369 depositam
1832 3328 2019 3362 abduxisse.
2039 3330 2160 3360 Verum

1131 3373 1163 3404 id
1181 3383 1257 3406 sane
1272 3383 1370 3415 quam
1386 3376 1436 3407 est
1451 3374 1622 3407 absonum.

1981 3435 2031 3464 27.
