2320 3684
833 121 888 160 IN

74 212 113 251 vi
142 212 251 264 quasi
282 212 322 249 in
349 211 567 249 Atticorum
595 221 730 260 regum
762 209 897 247 seriem
924 208 1094 246 intrusos

73 284 169 310 esse.
201 274 347 311 Neuter
380 269 577 308 affinitatis
605 268 761 306 vinculo
797 281 886 305 cum
921 267 1094 317 Cecrope

74 329 318 381 conjunctus;
349 337 513 380 uterque
548 326 820 366 auctochthon.
851 329 1021 365 Cranaus
1056 333 1095 363 et

72 388 334 440 Amphictyon
360 387 462 425 inter
480 400 520 426 se
538 385 694 437 quidem
724 385 1022 436 conjunguntur,
1042 383 1094 421 ita

74 455 201 485 tamen
232 454 276 484 ut
304 446 455 484 diversa
491 457 627 484 eorum
670 451 808 481 natura
842 444 928 494 ipsa
966 441 1095 480 fabula

72 506 326 557 exprimatur.
342 508 442 544 Nam
468 507 630 543 Pausan.
657 505 695 552 Ι,
715 515 749 550 2,
768 502 790 539 5
810 518 817 540 :
839 503 994 555 Κραναῷ
1013 500 1095 551 Ἀμ-

73 568 226 623 φικτύων
256 566 475 619 ἐπαναστὰς,
509 565 684 619 Θυγατέρα
715 563 809 616 ὅμως
841 563 932 618 ἔχων
966 566 1094 612 αὐτοῦ,

71 626 177 666 παύει
196 629 259 674 τ’ἥς
282 628 405 680 ἀρχῆς.

124 690 268 725 Verum
286 698 365 723 non
391 697 524 722 omnes
547 683 869 734 Amphictyonem
896 680 1096 720 Deucalio-

71 745 131 783 nis
152 746 272 783 filium
298 744 346 783 ab
363 744 493 782 Attico
513 756 603 794 rege
634 742 905 780 distinxerunt.
926 741 1094 792 Apollo-

71 803 155 844 dor.
169 806 201 851 Ι,
220 818 257 851 7,
277 817 298 842 2
309 819 317 841 ε
329 802 491 842 Γίνονται
505 803 545 840 ἐκ
560 799 706 854 Πύῤῥας
721 798 939 839 Δευκαλίωνι
957 799 1095 841 παῖδες·

71 859 210 909 Ἕλλην
242 861 305 914 μὲν
337 864 531 915 πρῶτος...,
552 858 707 912 δεύτερος
742 858 780 896 δὲ
811 856 1044 912 Ἀμφικτύων,
1079 859 1097 894 ὃ

73 920 163 974 μετὰ
186 920 348 976 Κραναὸν
373 919 580 973 βασιλεύσας
598 921 661 965 τῆς
683 917 853 964 Ἀττικῆς.
893 917 998 955 Idem
1019 919 1096 964 ΙΙΙ,

76 986 143 1027 14,
169 980 211 1028 5,
236 994 245 1016 :
266 978 428 1033 Κραναὸν
457 976 616 1017 ἐκὸαλὼν
637 974 858 1030 Ἀμφικτύων
880 974 1095 1013 ἐδασίλευσε.

72 1031 206 1080 Τοῦτον
232 1037 315 1077 ἔνιοι
339 1036 401 1090 μὲν
430 1035 693 1085 Δευκαλίωνος,
711 1034 806 1088 ,ἔνιοι
835 1034 872 1072 δὲ
904 1033 1098 1086 αὐτόχθονα

71 1097 225 1151 λέγουσι.

125 1156 211 1196 Καὶ
238 1154 462 1206 Πυλαίαν]
483 1154 621 1193 Suidas
643 1166 679 1190 v,
700 1150 908 1206 Πυλαγόραι
926 1167 934 1189 :
954 1150 1098 1191 Πυλαία

72 1215 151 1268 περὶ
169 1213 417 1269 Ἀμφικτύοσιν
428 1244 438 1262 ,
453 1216 472 1252 ὁ
488 1212 593 1256 τόπος
612 1213 647 1250 ἐν
665 1205 694 1266 ᾧ
712 1210 916 1256 ἐκαθέζοντο
935 1214 966 1250 οἱ
983 1210 1096 1250 ἔκεισε

71 1273 312 1325 πεμπόμενοι,
328 1272 388 1310 καὶ
409 1271 497 1319 αὕτη
511 1274 534 1319 ἥ
555 1271 786 1324 συνάθροισις.
807 1270 949 1309 Strabo
959 1272 1035 1318 IX,
1060 1272 1097 1319 3,

73 1346 94 1380 7
113 1332 212 1379 εΤὴν
228 1331 264 1370 δὲ
285 1330 428 1370 σύνοδον
441 1330 605 1370 Πυλαίαν
625 1329 939 1376 ἕκάλουν...ἐπειδὴ
961 1330 996 1367 ἐν
1016 1327 1098 1367 Πύ-

71 1391 149 1434 λαις
169 1389 370 1441 συνήγοντο,
385 1389 426 1433 ἃς
443 1388 503 1428 καὶ
523 1387 761 1442 Θερμοπύλας
785 1389 963 1428 καλοῦσιν.
982 1391 1098 1427 Cete-

71 1463 156 1489 rum
175 1449 356 1488 Straboni
372 1448 697 1500 Amphictyonum
714 1447 914 1498 collegium
933 1447 1099 1484 instituit

72 1509 255 1547 Acrisius.
286 1511 496 1546 Hermann.
515 1507 703 1557 Antiquit.
728 1509 795 1544 Gr.
822 1511 888 1551 14,
914 1520 946 1543 1.
978 1509 1098 1544 Accu-

73 1567 191 1605 ratius
210 1568 338 1604 locum
358 1573 571 1603 conventus
602 1565 746 1602 indicat
777 1564 965 1602 Herodot.
1003 1567 1074 1602 VII
1086 1594 1097 1612 ‚

73 1639 160 1674 2003
174 1627 222 1664 cf.
237 1626 447 1664 Tittmann.
459 1625 564 1675 l.1.p.
576 1625 640 1674 76,
652 1623 870 1662 Hiillmann.
886 1624 937 1661 l.l.
954 1637 993 1674 p.
1008 1625 1097 1669 164.

124 1689 202 1724 Res
218 1693 428 1723 memorata
452 1696 475 1721 a
489 1685 625 1720 Marm.
641 1691 786 1733 septem
803 1683 914 1720 annis
931 1690 1019 1733 post
1035 1683 1098 1720 di-

71 1746 218 1784 luvium
228 1744 400 1796 ponitur.
410 1743 599 1792 «Quicum
609 1742 774 1780 Tatiano
784 1755 832 1779 ex
843 1741 994 1792 Argivis
1002 1743 1099 1793 regi-

73 1805 146 1843 bus
159 1811 383 1855 computant
396 1809 458 1840 res
485 1809 622 1853 gestas,
637 1801 962 1852 Amphictyonem
982 1801 1097 1850 (Atti-

72 1877 158 1901 cum
180 1861 368 1912 intellige)
382 1867 622 1910 componunt
636 1872 725 1896 cum
748 1860 931 1897 Sthenelo
944 1888 954 1906 ,
975 1859 1099 1898 disce-

71 1924 204 1962 dentes
220 1922 434 1974 paullulum
446 1919 494 1957 ab
509 1919 724 1958 Eusebiano
736 1933 895 1957 canone.
908 1937 924 1953 »
945 1921 1096 1958 Boecklc.

71 1982 222 2021 Etenim
235 1980 338 2031 apud
352 1978 560 2017 Eusebium
574 1992 694 2016 annus
703 1979 850 2029 primus
865 1978 1099 2029 Amphicty-

72 2041 155 2078 onis
174 2052 316 2077 annum
342 2052 357 2082 1
384 2037 553 2076 Stheneli
572 2043 616 2082 14
632 2037 742 2075 annis
764 2037 967 2075 antecedit.
985 2040 1099 2076 Cete-

71 2113 155 2137 rum
173 2098 294 2136 multo
315 2097 421 2148 prius
434 2096 526 2149 poni
542 2096 869 2147 Amphictyonum
881 2097 1099 2134 institutum

70 2170 185 2209 quam
224 2155 478 2207 probabiliter
500 2154 582 2192 fieri
614 2155 784 2206 potuerit
799 2184 810 2203 ‚
835 2155 1100 2193 demonstrare

71 2215 300 2254 studuerunt
319 2214 452 2252 Freret
471 2213 574 2264 apud
591 2213 862 2251 sainte-croix
878 2215 903 2253 l.
917 2215 941 2252 l.
956 2227 993 2265 p.
1008 2217 1099 2263 216,

71 2283 110 2313 et
128 2273 321 2314 Schubart
333 2277 392 2311 De
406 2276 579 2311 Homero
597 2285 633 2323 p.
647 2273 709 2310 62.
723 2274 898 2323 Uterque
916 2286 996 2311 rem
1011 2282 1100 2325 post

70 2333 216 2371 bellum
239 2331 449 2382 Trojanum
473 2338 634 2382 ponunt.

362 2420 502 2470 Epoclz.
530 2419 565 2456 6.
585 2432 641 2457 vs.
663 2433 727 2466 10,
751 2432 804 2456 11.

124 2499 183 2535 De
196 2496 361 2549 Γραικοῖς
381 2494 487 2531 locus
500 2493 680 2531 classicus
698 2507 759 2544 ap.
771 2493 1097 2534 Aristot.Meteor.

72 2560 111 2604 1,
133 2562 177 2601 14
190 2585 201 2604 ,
217 2569 257 2606 p.
288 2555 364 2599 548
383 2553 442 2591 ed.
463 2554 616 2591 Duvall.
639 2568 648 2591 ε
676 2552 747 2592 Καὶ
766 2551 834 2606 γὰρ
851 2548 947 2598 οὗτος
965 2556 975 2605 <
992 2557 1009 2593 ὁ
1027 2571 1099 2594 κα-

71 2614 238 2666 λούμενος
276 2614 333 2651 ἐπὶ
360 2611 601 2655 Δευκαλίωνος
630 2611 903 2663 κατακλυσμός)
924 2613 1003 2667 περὶ
1038 2614 1096 2653 τὸν

73 2672 283 2722 Ἑλληνικὸν
301 2671 437 2723 ἐγένετο
464 2671 621 2723 μάλιστα
646 2670 769 2710 τόπον·
797 2671 858 2710 καὶ
876 2671 999 2711 τούτου
1018 2674 1096 2728 περὶ

2 2771 7 2775 .
72 2732 136 2780 τὴν
164 2731 323 2771 Ἑλλάδα
339 2731 402 2778 τὴν
423 2730 586 2784 ἀρχαίαν.
609 2729 706 2777 Αὕτη
724 2730 753 2768 δ’
767 2730 859 2769 ἐστὶν
882 2734 904 2778 ἡ
929 2731 1008 2786 περὶ
1033 2733 1096 2781 τὴν

73 2790 246 2837 Δωδώνην
265 2789 325 2828 καὶ
343 2789 401 2828 τὸν
422 2789 615 2841 Ἀχελῶον·
635 2784 731 2832 οὗτος
756 2788 823 2843 γὰρ
855 2791 1035 2843 πολλαχοῦ
1057 2792 1097 2831 τὸ

74 2852 186 2902 ῥεῦμα
216 2846 489 2899 μεταὸέὸληκεν.
512 2844 646 2903 ’ᾩκουν
664 2849 730 2900 γὰρ
748 2849 778 2885 οἱ
800 2848 926 2887 Σελλοὶ
947 2850 1097 2888 ἐνταῦθα

72 2908 132 2946 καὶ
152 2909 184 2946 οἱ
202 2905 411 2957 καλούμενοι
426 2905 504 2944 τότε
525 2905 588 2957 μὲν
603 2905 837 2959 Γραικοὶ,νῦν
858 2906 895 2945 δὲ
907 2907 1094 2956 ἽΞλληνες.

74 2967 130 3004 cf.
154 2966 372 3017 Apollodor
391 2967 427 3013 Ι,
451 2979 487 3013 7,
507 2967 544 3013 3,
561 2965 658 3002 Plin.
675 2968 724 3004 H.
738 2968 782 3003 N.
804 2969 869 3014 IV,
890 2973 947 3015 14,
963 2969 1095 3020 Steph.

74 3028 163 3076 Byz.
183 3039 221 3063 v.
248 3022 411 3077 Γραικός,
437 3023 578 3062 Euseb.
598 3024 739 3062 Chron.
762 3025 824 3072 23,
842 3027 934 3063 Can.
954 3027 1096 3064 Hiero-

75 3097 177 3134 nym.
203 3097 241 3135 p.
265 3084 327 3130 76.
354 3086 454 3121 Ante
475 3083 684 3120 Aristolelis
708 3090 857 3120 aetatem
886 3087 1095 3123 Groecorum

76 3155 214 3180 nomen
241 3155 318 3179 non
337 3139 490 3179 obviam
512 3142 594 3179 fieri
618 3140 799 3192 probavit
812 3142 973 3181 Clavier.
998 3144 1096 3183 Hist.

76 3204 152 3249 ΙΙΙ,
171 3215 208 3253 p.
241 3203 286 3238 18
307 3214 390 3252 sqq.
421 3200 476 3239 Cf.
493 3203 618 3239 Sturz.
639 3204 696 3238 De
722 3200 872 3239 dialect.
895 3203 1095 3241 Macedon.

4 3275 13 3318 ‘1'
78 3274 115 3312 p.
153 3261 198 3308 8,
241 3263 453 3298 Creuzerus
481 3259 521 3297 in
548 3260 733 3311 Epistolis
760 3260 809 3298 ad
833 3264 1096 3300 Hermannum

4 3298 16 3358 ff.
78 3319 126 3357 dc
148 3321 319 3357 Homero
341 3327 377 3357 et
398 3321 486 3356 Hcs.
509 3332 549 3370 p.
580 3332 664 3369 179.

933 118 1162 161 MARMOR
1203 120 1420 161 PARIUM.

2099 136 2173 169 559

1206 211 1270 248 Vs.
1292 223 1335 247 ιι
1355 210 1530 249 lacunam
1551 211 1759 250 Palmerius
1772 213 1942 264 explevlt
1960 213 2014 254 ita
2030 230 2039 253 ε
2055 217 2177 256 Πανα-

1153 265 1229 318 θ[ή]
1244 267 1343 319 ναι[α
1354 266 1475 307 ἔθεσαν
1496 267 1590 321 ἔτη];
1607 269 1810 310 Prideaux.
1827 287 1836 309 ε
1857 273 2175 327 Παναθ[η]ναϊ[κὸν

1154 326 1410 373 συνεστήσαντο
1436 327 1524 380 ἔτη].
1551 328 1611 366 Ad
1632 328 1712 366 haec
1735 330 1959 370 Boeckhius:
1978 349 1994 366 «
2009 333 2084 371 Sed
2112 348 2175 385 ep.

1159 398 1204 422 10
1221 386 1346 436 prima
1378 387 1629 425 Panathenaea
1652 388 1905 428 Erichthonio
1933 390 2177 441 tribuuntur;

1154 453 1192 482 et
1206 445 1236 482 is
1261 445 1383 483 fertur
1404 459 1449 483 ea
1466 446 1581 494 festa,
1600 446 1692 485 olim
1708 445 1872 494 Ἀθήναια
1889 449 2007 497 dicta,
2031 451 2179 502 primus

1154 503 1374 541 nominasse
1391 503 1635 551 Παναθήναια.
1662 506 1913 544 Panathenaea
1940 508 2061 560 egisse
2092 511 2180 548 Eri-

1154 560 1358 599 chthonius
1379 562 1544 599 traditur
1563 562 1611 600 ab
1637 563 1836 602 Hellanico
1853 573 1891 602 et
1911 567 2154 606 Androtione
2164 596 2179 614 ,

1155 618 1204 657 ab
1219 628 1387 670 utroque
1401 620 1440 658 in
1454 620 1613 659 Atthide
1643 635 1702 673 ap.
1718 625 1945 674 Harpocrat.
1959 639 1995 663 v.
2013 626 2182 674 Παναθή-

1153 692 1255 716 ναιαε
1269 687 1379 716 antea
1391 692 1472 716 esse
1480 678 1644 726 Ἀθήναια
1656 680 1757 719 dicta
1770 683 1991 733 produntur
1998 686 2182 724 exAtthi-

1155 736 1202 773 de
1216 737 1305 774 Istri
1329 751 1390 788 ap.
1407 740 1640 788 Harpocrat.
1671 739 1764 777 ibid.
1783 744 1879 779 Cum
1895 743 2091 793 prioribus
2102 735 2182 783 fere

1155 795 1247 832 facit
1267 795 1526 846 Apollodorus
1545 799 1623 844 111,
1650 802 1714 844 14,
1733 805 1769 845 6,
1789 799 1879 837 item
1909 802 2182 842 Eratosthenes

1156 862 1382 904 personatus
1411 862 1449 891 et
1468 855 1662 904 Hyginus3
1682 856 1779 894 adde
1804 861 1944 897 Meurs.
1972 862 2181 901 Panathen.

1157 926 1190 949 c.
1204 914 1237 949 3.
1255 914 1368 951 Anne
1391 913 1509 962 igitur
1532 921 1639 951 sexta
1669 914 1741 952 hac
1759 917 1907 966 epocha
1926 918 1973 956 de
1991 921 2184 959 Athenaeis

1156 971 1259 1022 agit?
1272 972 1334 1010 Sic
1352 971 1595 1009 scribendum
1619 972 1718 1010 foret
1753 973 1812 1012 τὸν
1842 976 1962 1027 ἀγῶνα
1978 978 2066 1030 [τὸ]ν
2084 979 2184 1027 Ἀθη-

1156 1029 1276 1068 ναίων.
1300 1031 1376 1068 Alii
1404 1030 1509 1081 quod
1542 1031 1664 1068 altero
1688 1032 1773 1069 loco
1803 1034 1851 1071 de
1878 1038 2042 1087 magnis,
2063 1039 2185 1077 altero

1157 1089 1205 1126 de
1228 1089 1358 1139 parvis
1388 1088 1584 1127 Athenaeis
1612 1089 1757 1126 dictum
1784 1100 1945 1142 putant,
1967 1095 2008 1133 id
2034 1097 2185 1135 admitti

1156 1148 1310 1198 nequit3
1328 1148 1422 1185 nihil
1447 1147 1549 1185 enim
1570 1160 1695 1198 neque
1717 1147 1765 1185 de
1783 1156 1928 1200 magnis
1947 1167 2017 1191 nec
2032 1154 2080 1192 de
2092 1170 2186 1205 par-

1158 1207 1264 1244 visin
1295 1206 1422 1257 lapide
1448 1206 1604 1244 dictum.
1628 1209 1678 1244 At
1698 1207 1764 1257 qui
1787 1218 1876 1246 sunt
1895 1212 1962 1261 qui
1990 1212 2062 1250 hac
2088 1227 2186 1265 epo-

1158 1264 1229 1302 cha
1247 1265 1357 1302 ludos
1377 1263 1588 1302 instituisse
1610 1264 1811 1303 feruntur?
1832 1280 1961 1307 nonne
1983 1272 2187 1310 Hellenes?

1158 1323 1364 1370 Quodnam
1383 1324 1484 1361 enim
1504 1325 1608 1363 aliud
1639 1324 1856 1376 subjectum
1879 1341 2004 1366 sumas
2028 1330 2075 1368 ad
2092 1344 2187 1369 ver-

1158 1381 1252 1418 bum
1286 1379 1437 1420 ἔθεσανὶ)
1466 1386 1547 1421 Nec
1589 1383 1724 1421 salsum
1762 1385 1837 1423 hoc
1874 1388 2187 1438 supplementum

1158 1440 1334 1485 videtur;
1355 1454 1482 1491 neque
1497 1442 1737 1480 indefinitum
1763 1444 1980 1495 subjectum
2000 1446 2092 1485 ferri
2111 1461 2187 1499 po-

1158 1506 1243 1535 test.
1269 1501 1372 1535 Num
1392 1512 1482 1537 vero
1502 1501 1681 1538 Hellenes
1702 1510 1912 1552 potuerunt
1935 1512 2002 1542 aut
2022 1504 2187 1552 Ἀθήναια

1158 1565 1224 1594 aut
1242 1556 1476 1604 Παναθήναια
1493 1559 1721 1597 instituere?
1736 1561 1842 1598 Vidit
1857 1561 1956 1600 hanc
1981 1562 2188 1602 difficulta-

1158 1624 1233 1652 tem
1253 1615 1350 1664 Lyd.
1373 1630 1412 1666 p.
1438 1619 1514 1661 243
1546 1626 1586 1655 et
1613 1631 1695 1655 rem
1723 1619 1771 1657 ad
1792 1620 1990 1659 Hellenem
2018 1623 2188 1662 referens

1157 1674 1391 1724 excogitavit
1409 1675 1576 1726 aliquid,
1597 1676 1703 1726 quod
1723 1678 1868 1716 nemini
1888 1679 2077 1718 arridebit
2106 1695 2189 1720 ma-

1158 1745 1328 1782 gnopere
1349 1746 1358 1768 :
1379 1733 1524 1771 scilicet
1540 1735 1836 1774 Erichthonium
1849 1767 1860 1786 ‚
1879 1738 2102 1790 priusquam
2120 1754 2190 1780 rex

1157 1799 1256 1828 esset
1282 1791 1424 1839 factus,
1443 1806 1524 1831 esse
1558 1793 1598 1830 in
1626 1795 1823 1844 Scythiam
1843 1798 2079 1847 prosectum3
2100 1800 2190 1839 hinc

1159 1851 1339 1888 reducem
1361 1864 1443 1889 esse
1459 1852 1507 1890 ab
1524 1853 1685 1891 Hellene
1706 1862 1744 1892 et
1763 1856 2046 1906 Amphictyone
2063 1859 2190 1898 fratri-

1157 1909 1230 1947 bus
1251 1910 1423 1961 hospitio
1455 1920 1680 1962 exceptum,
1701 1914 1814 1964 eique
1842 1915 1890 1958 ab
1911 1916 2070 1954 Hellene
2091 1932 2190 1956 con—

1158 1969 1284 2006 silium
1312 1969 1445 2006 datum
1474 1970 1820 2009 Panathenaeorum
1848 1973 2188 2014 instituendorum.

1157 2028 1281 2065 Immo
1313 2029 1492 2066 Helleues
1505 2057 1514 2075 ‚
1553 2042 1673 2080 quum
1708 2031 1878 2081 primum
1910 2032 1986 2070 hoc
2018 2034 2189 2073 universi

1158 2086 1375 2137 reciperent
1402 2100 1565 2136 nomen,
1590 2088 1684 2126 dicti
1710 2090 1854 2127 fuerint
1879 2091 2107 2139 Πανελλήνια
2127 2094 2191 2132 in-

1158 2147 1345 2194 stituisse,
1368 2156 1412 2185 ut
1440 2147 1674 2194 Παναθήναια
1699 2149 1874 2187 instituta
1906 2159 2013 2199 sunt,
2034 2154 2189 2203 quando

1159 2206 1336 2256 Cecropii
1354 2206 1473 2257 prisci
1509 2205 1685 2253 Ἀθηναῖοι
1706 2209 1840 2245 vocari
1867 2211 1984 2260 coepti
2001 2222 2090 2249 sunt
2111 2213 2189 2264 (ep.

1162 2265 1239 2312 ιο).
1256 2265 1393 2314 Itaque
1417 2266 1495 2302 sive
1512 2265 1689 2315 lapicidae
1706 2280 1816 2304 error
1831 2268 1910 2306 sive
1934 2269 2088 2308 Seldeni
2110 2281 2188 2321 est,

1158 2323 1309 2372 corrige
1333 2322 1618 2373 Παν[ελλήν]ι[α.
1635 2322 1861 2372 Πανέλληνες
1884 2327 1994 2364 novit
2008 2327 2087 2378 jam
2108 2333 2191 2367 Ho—

1158 2394 1297 2428 merus,
1319 2394 1464 2431 eosque
1485 2381 1745 2420 Phthiotidem
1767 2383 1995 2434 habitantes,
2017 2387 2190 2427 ubiHel-

1157 2437 1251 2476 lenis
1269 2451 1430 2489 regnum
1444 2452 1454 2485 3
1470 2439 1589 2490 igitur
1603 2440 1644 2477 in
1657 2450 1844 2493 promptu
1859 2452 1942 2480 erat
1960 2445 2189 2492 Πανελλήνια

1157 2497 1345 2534 solemnia
1379 2505 1418 2534 et
1457 2498 1667 2536 certamina
1704 2499 1874 2538 tribuere
1914 2503 2188 2553 antiquissimis

1158 2555 1410 2606 temporibus.
1426 2557 1531 2594 Alias
1555 2558 1799 2597 Panhellenia
1816 2559 1864 2597 ab
1882 2563 2001 2598 AEaco
2017 2562 2187 2611 primum

1156 2615 1194 2651 in
1218 2615 1359 2665 AEgina
1387 2615 1476 2652 Jovi
1507 2615 1757 2655 Panhellenio
1786 2618 1960 2656 instituta
1992 2620 2184 2671 feruntur,

1158 2673 1225 2711 ubi
1245 2673 1347 2711 haud
1381 2674 1497 2712 dubie
1522 2674 1572 2712 ab
1592 2675 1704 2713 initio
1726 2677 1902 2714 Hellenia
1922 2678 2022 2716 dicta
2053 2689 2160 2717 erant
2174 2711 2185 2729 ‚

1157 2741 1199 2771 ut
1225 2734 1407 2784 Juppiter
1436 2734 1578 2785 passim
1615 2735 1813 2773 Hellenius
1840 2735 1946 2772 audit
1973 2737 2186 2788 antiquitus

1158 2794 1314 2844 (Miiller
1344 2794 1470 2844 AEgin.
1493 2807 1530 2844 p.
1555 2795 1599 2831 18
1630 2808 1726 2844 sqq„
1745 2808 1783 2845 p.
1809 2794 1882 2832 155
1900 2795 2001 2847 sqq.)
2024 2797 2089 2834 :id
2109 2812 2186 2836 no·
2204 2811 2217 2816 ·

1155 2860 1232 2889 ster
1248 2851 1351 2888 sonte
1369 2865 1458 2888 usus
1479 2852 1607 2889 nescio
1629 2866 1706 2903 quo
1725 2853 1961 2891 transtulerit
1983 2855 2029 2892 ad
2050 2857 2185 2895 Helle>-

1155 2923 1241 2947 nem
1259 2918 1297 2948 et
1313 2923 1396 2948 eam
1420 2918 1568 2947 aetatem
1581 2939 1590 2957 ,
1610 2923 1686 2960 qua
1709 2912 1835 2949 Graeci
1860 2913 2043 2963 coeperint
2059 2916 2185 2954 Helle-

1154 2982 1221 3007 nes
1254 2983 1302 3006 ex
1336 2968 1402 3006 illo
1436 2969 1577 3006 vocari.
1619 2973 1668 3007 Et
1701 2971 1832 3008 nescio
1878 2984 1927 3008 an
1967 2973 2183 3013 Hadrianus

1154 3028 1282 3065 Attica
1309 3027 1553 3065 Panhellenia
1572 3030 1594 3065 J
1597 3028 1660 3064 ovi
1683 3028 1928 3067 Panhellenio
1949 3030 1989 3067 in
2007 3032 2183 3084 principe

1156 3086 1312 3123 Graeciae
1341 3085 1437 3123 urbe
1466 3085 1553 3123 ideo
1579 3085 1803 3133 instituerit,
1826 3088 1932 3138 quod
1961 3097 1999 3127 et
2028 3091 2111 3141 ipse
2135 3106 2182 3130 cx

1154 3148 1365 3184 vetustiore
1394 3145 1491 3183 fama
1519 3146 1747 3196 accepisset,
1765 3145 1814 3184 ab
1834 3149 2022 3187 universis
2038 3151 2182 3189 Graecis

1145 3205 1247 3249 ,olim
1277 3205 1357 3242 haec
1389 3204 1571 3242 solemnia
1611 3203 1802 3243 celebrata
1834 3219 1940 3256 esse,
1977 3222 2104 3259 neque
2134 3223 2178 3248 ea

1155 3263 1301 3313 AEginae
1318 3270 1471 3313 putaret
1492 3263 1654 3313 propria
1674 3276 1755 3301 esse
1775 3272 1812 3301 et
1834 3267 2066 3316 peculiaria»
2082 3297 2090 3306 .

1211 3322 1393 3359 Praeclare
1409 3321 1489 3360 haec
1505 3333 1527 3358 a
1540 3321 1625 3358 viro
1643 3334 1792 3361 summo
1805 3323 2017 3375 disputata:
2034 3327 2178 3364 nihilo-
