2320 3684
767 159 1071 199 THEOPOMPI
1099 156 1427 200 FRAGMENTA.

92 254 151 294 Cf.
173 251 298 293 Schol.
327 250 377 289 ad
415 248 581 288 Acharn.
607 259 646 285 v.
676 245 775 293 1075
799 253 839 282 et
863 244 1000 284 Suidas
1031 258 1068 282 v.

41 309 194 366 Χύτροι,
223 309 381 349 eandem
410 320 491 346 rem
516 319 538 344 e
569 305 828 356 Theopompo
854 311 1067 341 narrantes.

41 371 167 408 Etiam
193 369 271 407 haec
285 366 508 407 Welckerus
527 364 576 402 ad
602 363 901 415 Theopompum
928 365 1070 400 Gram-

41 429 224 467 maticum
242 424 443 465 referenda
454 436 541 462 esse
561 422 790 474 suspicatur.

94 555 220 595 Schol.
263 552 461 604 Aristoph.
493 554 610 603 Vesp.
672 550 778 588 523:
810 547 919 592 Ἔθος
947 546 984 586 δὲ
1025 540 1068 595 ἦν

40 613 145 653 ὅποτε
176 611 299 664 μέλλοι
317 613 340 658 ἡ
360 610 517 664 τράπεζα
542 608 719 663 αἴρεσθαι,
746 609 881 660 ἀγαθοῦ
908 605 1071 657 δαίμονος

38 674 251 727 ἐπιῤῥοφεῐν,
267 672 314 714 ὡς
333 668 547 721 Θεόπομπός
569 683 667 722 φησι·

93 732 154 770 Ad
170 744 250 770 rem
269 730 358 768 vide
373 730 602 766 Athenaeum
616 730 705 776 XV,
723 740 763 778 p.
781 726 874 777 693‚
892 728 934 765 B.

425 814 693 831 -ςον-

233 864 597 910 FRAGMENTUM
639 870 882 908 SPURIUM,

511 939 602 978 344.

89 1006 324 1046 Theodorus
342 1005 573 1053 Metochita‚
593 1002 800 1055 Ὗπομνήμ.
820 1001 881 1041 καὶ
899 1001 1071 1054 Σημειώ-

36 1082 111 1110 σεις
137 1063 334 1118 γνωμικαὶ,
355 1079 388 1103 c.
425 1065 511 1113 116,
543 1078 582 1116 p.
602 1078 678 1114 79²
696 1077 761 1114 seq
780 1079 788 1100 :
809 1060 1024 1113 Θεόπομπος
1052 1064 1071 1100 ὁ

38 1124 209 1180 ἱστορικὸς
239 1122 484 1162 ἀποσκώπτων
516 1124 563 1167 εἷς
585 1121 664 1166 τοὺς
685 1120 996 1172 Λακεδαιμονίους,
1020 1119 1071 1159 εἴ-

38 1187 141 1229 καζεν
161 1183 284 1228 αὐτοὺς
299 1191 375 1228 ταῖς
390 1180 539 1237 φαύλαις
557 1180 761 1230 καπηλίσιν,
781 1179 818 1218 αἳ
833 1185 907 1224 τοῖς
922 1178 1071 1234 χρωμέ-

37 1258 109 1286 νοις
133 1241 319 1295 ἓγχέουσαι
339 1242 399 1290 τὴν
417 1242 532 1295 ἀρχὴν
555 1235 640 1282 οἶνοι
664 1239 748 1288 ἡδύν
780 1255 818 1278 τε
845 1238 905 1278 καὶ
937 1238 1071 1293 εὔχρη-

39 1317 120 1340 στον
141 1304 353 1354 σοφιστικῶς
369 1300 426 1338 ἐπὶ
443 1306 491 1354 τῇ
514 1302 616 1352 λήψει
634 1297 835 1352 τάργυρίου,
860 1296 1069 1352 μεθύστερον

39 1360 168 1415 φαῦλόν
201 1376 279 1399 τινα
313 1359 373 1398 καὶ
399 1359 585 1413 ἐκτροπίαν
614 1358 674 1396 καὶ
700 1358 813 1405 ὀξίνην
834 1359 1071 1411 κατακιρνῶσι

37 1418 99 1458 καὶ
135 1417 372 1473 παρέχονται·
414 1418 474 1456 καὶ
504 1418 583 1462 τοὺς
619 1415 920 1468 Λακεδαιμονίους
954 1416 1068 1455 τοίνυν

2085 157 2161 192 833

1130 243 1237 284 ναίων
1251 242 1399 297 πολέμῳ
1410 247 1473 291 τὴν
1493 244 1604 297 ἀρχὴν
1617 240 1750 294 ἡδίστῳ
1764 238 1900 292 πόματι
1911 240 1973 287 τῆς
1988 238 2051 277 ἀπ’
2062 238 2163 287 Ἀθη-

1129 302 1236 341 ναίων
1267 300 1461 355 ἐλευθερίας
1489 300 1549 339 καὶ
1576 298 1833 355 προγράμματι
1864 297 1925 336 καὶ
1961 297 2164 352 κηρύγματι

1129 360 1209 413 τοὺς
1225 360 1408 409 ’Έλληνας
1423 360 1671 409 δελεάσοντας,
1693 358 1835 413 ὕστερον
1858 355 2055 411 πικρότατα
2085 356 2165 411 σφί-

1130 435 1184 458 σιν
1205 418 1328 472 ἐγχέαι
1351 419 1411 458 καὶ
1433 418 1633 467 ἀηδέστατα
1656 417 1823 473 κράματα
1847 419 1965 471 βιοτῆς
1984 414 2164 462 ἐπωδύνου

1130 477 1190 516 καὶ
1206 477 1367 532 χρήσεως
1385 477 1606 532 πραγμάτων
1635 479 1819 530 ἀλγεινῶν,
1850 476 1943 515 πάνυ
1967 490 2022 514 τοι
2050 490 2165 514 κατα-

1130 540 1383 589 τυραννοῦντας
1413 535 1475 580 τὰς
1503 536 1621 580 πόλεις
1650 534 1851 590 δεκαρχίαις
1881 534 1941 573 καὶ
1971 534 2166 596 ἁρμοσταῖς

1131 593 1341 647 βαρυτάτοις
1353 624 1363 643 ,
1383 594 1442 632 καὶ
1460 594 1734 648 πραττομένους,
1752 594 1774 632 ἃ
1793 591 1958 647 δυσχερὲς
1975 596 2064 632 εἶναι
2079 594 2165 649 σφό-

1132 653 1197 706 δρα
1226 652 1287 690 καὶ
1321 651 1532 692 ἀνύποιστον
1564 653 1678 708 φέρειν
1708 653 1769 692 καὶ
1798 650 2036 692 ἀποτιννύναι.
2071 653 2166 692 Ἀλλ’

1131 710 1217 764 ὅπερ
1249 710 1463 763 Θεόπομπος
1490 712 1570 766 περὶ
1601 712 1890 764 Λακεδαιμονίων
1929 711 2089 760 εἰκάζων,
2118 714 2165 756 ὡς

1132 769 1232 824 ἔφην,
1245 769 1585 820 ἇπέσκωπτε,το’ῦτ’,
1595 771 1673 823 ἐμοὶ
1690 770 2051 825 δοκεῖ,προσηκόντως
2069 774 2164 822 μᾶλ-

1130 831 1190 868 λον
1206 830 1247 868 ἂν
1268 829 1321 877 εἴη
1351 828 1466 881 λέγειν
1499 829 1580 884 περὶ
1607 833 1670 877 τῆς
1698 830 1809 883 τύχης
1838 833 1908 868 τῶν
1936 830 2163 882 ἀνθρωπίνων

1131 887 1365 942 πραγμάτων,
1380 903 1415 926 κ.
1431 904 1463 926 τ.
1481 889 1515 926 λ.

1184 951 1275 986 Haec
1307 948 1484 986 desumta
1512 960 1594 986 esse
1628 961 1677 986 ex
1704 948 1949 1000 Theopompi
1981 949 2166 987 comoed-ia

1131 1005 1335 1053 Καπήλιδες
1362 1007 1548 1057 inscripta
1587 1015 1749 1058 apparet
1777 1021 1824 1045 ex
1852 1008 2043 1046 Plutarch.
2074 1011 2164 1059 Lys.

1132 1079 1166 1103 c.
1196 1068 1241 1104 13
1258 1081 1266 1103 :
1287 1064 1394 1104 Ἀλλὰ
1410 1065 1470 1104 καὶ
1486 1068 1503 1104 ὁ
1521 1065 1677 1117 κωμικὸς
1692 1065 1905 1116 Θεόπομπος
1922 1066 2012 1106 ἔοικε
2031 1068 2164 1121 ληρεῖν,

1132 1123 1330 1169 ἀπεικάζων
1356 1123 1435 1168 τοὺς
1463 1124 1762 1175 Λακεδαιμονίους
1784 1130 1860 1168 ταῖς
1877 1126 2083 1174 καπηλίσιν,
2112 1125 2166 1164 ὅτι

1133 1182 1212 1227 τοὺς
1229 1182 1412 1231 Ἕλληνας
1431 1182 1573 1231 ἥδιστον
1593 1183 1700 1222 ποτὸν
1720 1186 1783 1231 τῆς
1799 1184 1992 1238 ἐλευθερίας
2019 1183 2167 1237 γεύσαν-

1130 1257 1197 1290 τες,
1216 1241 1290 1287 ὅξος
1309 1242 1463 1294 ἐνέχεαν.
1493 1241 1608 1287 Εὐθὺς
1629 1242 1697 1296 γὰρ
1729 1236 1772 1290 ἦν
1796 1242 1836 1282 τὸ
1856 1247 1973 1294 γεῦμα
2004 1242 2168 1297 δυσχερὲς

1131 1300 1191 1339 καὶ
1207 1300 1345 1355 πικρὸν,
1360 1301 1439 1340 οὔτε
1451 1301 1532 1346 τοὺς
1547 1301 1679 1354 δήμους
1695 1302 1833 1357 κυρίους
1851 1304 1920 1340 τῶν
1945 1302 2166 1355 πραγμάτων

1133 1361 1259 1404 ἐῶντος
1289 1354 1378 1398 εἶναι
1405 1364 1465 1399 τοῦ
1494 1361 1719 1414 Λυσάνδρου,
1751 1360 1811 1400 καὶ
1840 1363 1909 1399 τῶν
1942 1361 2069 1412 ὀλίγων
2098 1366 2169 1405 τοῖς

1131 1419 1362 1470 θρασυτάτοις
1379 1419 1439 1458 καὶ
1462 1419 1755 1473 φιλονεικοτάτοις
1780 1419 1843 1464 τὰς
1871 1418 1989 1464 πόλεις
2014 1420 2168 1474 ἐγχειρί-

37 1477 136 1531 ἔλεγε
148 1479 207 1518 τὸν
223 1478 327 1517 αὐτὸν
344 1477 490 1521 ἐκείναις
503 1479 631 1531 τρόπον
646 1478 681 1514 ἔν
697 1478 750 1529 τῷ
767 1474 859 1514 κατὰ
878 1477 948 1513 τῶν
967 1474 1070 1524 Ἀθη-
1131 1480 1260 1523 ζοντος.

1055 1630 1144 1663 343.

76 1691 149 1724 Mos
162 1692 232 1722 erat
267 1690 306 1723 ut
338 1698 441 1731 quum
466 1698 562 1723 mena
598 1687 819 1728 auferebatur,
836 1686 870 1719 in
885 1687 967 1719 Boni
984 1686 1044 1719 Dei
1059 1687 1216 1720 honorem
1232 1688 1348 1721 vinum
1361 1688 1579 1731 degustarent,
1598 1689 1686 1731 quod
1701 1690 1800 1723 tradit
1818 1690 2062 1732 Theopompus.
