2320 3684
829 149 1107 190 HELLANICI
1138 152 1469 193 FRAGMENTA.
2145 162 2193 196 47

69 243 148 282 τινὰ
232 240 445 295 ληψόμενον)
465 237 611 294 χέρνιὸα
627 236 696 275 ἀπὸ
709 239 772 284 τῆς
792 236 994 290 Ἀρητιάδος
1015 237 1102 290 κρή-

69 317 141 350 νης.
157 301 201 341 '0
220 300 256 339 δὲ
276 302 431 354 φρουρῶν
445 299 507 346 τὴν
521 296 652 351 κρήνην
661 294 813 349 δράκων,
827 294 864 333 ὃν
883 294 1010 348 Ἄρεως
1027 293 1103 333 ἔλε-

72 376 134 412 γον
153 354 253 408 εἶναι,
276 359 354 403 τοὺς
377 358 539 400 πλείονας
558 357 627 395 τῶν
652 353 880 407 πεμφθέντων
901 353 1100 407 διέφθειρεν.

73 418 336 472 Ἀγανακτήσας
358 415 394 455 δὲ
419 415 581 466 Κάδμος,
602 413 728 452 κτείνει
751 412 810 451 τὸν
831 411 1022 466 δράκοντα·
1042 412 1104 451 καὶ

71 482 134 527 τῆς
153 479 296 526 Ἀθηνᾶς
322 477 416 528 αὐτῷ
442 472 676 525 ὑποθεμένης,
700 470 779 516 τοὺς
802 470 924 510 τούτου
959 470 1103 514 ὀδόντας

72 538 217 591 σπείρει.
252 535 325 589 Ἀφ’
353 528 401 573 ὧν
436 532 593 585 ἐγένοντο
618 533 648 570 οἱ
680 536 849 584 γηγενεῖς.
894 532 1103 584 (Hactenus

72 594 300 648 Apollodori
322 607 411 631 cum
439 592 641 631 Hellanico
670 590 947 629 consentientis
970 589 1101 628 verba.

71 659 168 703 Quae
198 661 427 704 sequuntur,
445 652 562 690 solius
588 649 779 688 Hellanici
795 663 876 688 esse
896 648 1103 699 videntur.)

71 710 310 767 Ὀργισθέντος
324 709 495 764 δὲ”Αρεως
507 710 568 748 καὶ
581 707 923 761 μέλλοντοςΚάδμον
936 709 1104 762 ἀναιρεῖν,

71 771 245 810 ἐκώλυσεν
260 774 277 810 ὁ
300 768 398 814 Ζεύς.
420 769 498 809 ’Καὶ
514 767 697 822 Ἁρμονίαν
718 769 812 821 αὐτῷ
832 766 1003 821 συνῴκισε
1015 795 1024 812 ,
1038 765 1103 814 τὴν

71 827 201 884 Ἄρεως
221 829 282 868 καὶ
300 827 516 884 Ἀφροδίτης.
535 826 713 882 Πρότερον
735 825 772 865 δὲ
800 824 980 865 ἐκέλευσεν
1002 825 1104 864 αὐτὸν

73 888 152 928 ἀντὶ
169 891 232 936 τῆς
251 887 461 942 ἀναιρέσεως
476 890 537 925 τοῦ
552 886 737 940 δράκοντος
751 885 906 924 ἐνιαυτὸν
923 888 1103 932 θητεῦσαι,

71 948 107 986 ἐν
133 945 170 986 δὲ
186 949 236 1001 τῷ
249 945 355 1000 γάμῳ
370 945 516 989 Μούσας
542 939 640 999 ᾆσαι,
665 945 726 984 καὶ
753 947 822 983 τῶν
843 947 928 983 θεῶν
958 943 1104 983 ἕκαστον

71 1004 240 1059 Ἁρμονίᾳ
259 1006 367 1059 δῶρον
392 1005 520 1043 δοῦναι.
537 1003 901 1058 ἹστορεῖἙλλάνικος
930 1005 964 1042 ἐν
989 1005 1105 1043 Βοιω-

72 1070 217 1115 τιακοῖς,
258 1064 318 1102 καὶ
360 1062 618 1116 Ἀπολλόδωρος
658 1064 693 1102 ἐν
735 1065 786 1117 τῷ
809 1062 854 1114 γ’.

573 1148 611 1187 9.

104 1231 261 1282 -Eurip.
292 1231 423 1269 Plioen.
462 1231 538 1268 666
566 1245 574 1267 ε
608 1229 651 1269 Ὁ
682 1229 745 1281 μὲν
783 1228 990 1273 Ἑλλάνικος
1019 1229 1106 1283 λίθῳ

76 1290 181 1343 φησὶν
203 1292 427 1343 ἀναιρεθῆναι
459 1289 521 1339 τὸν
547 1288 744 1343 δράκοντα,
769 1292 786 1327 ὃ
811 1288 846 1327 δὲ
878 1289 1106 1343 Φερεκράτης

74 1348 171 1402 ξίφει.

564 1436 621 1473 lO.

127 1526 284 1564 Scholia
308 1527 347 1562 in
383 1525 585 1563 Platonem
616 1538 653 1575 p.
687 1525 762 1571 376
783 1539 790 1560 :
811 1523 944 1576 Κόδρος
981 1517 1024 1570 ἦν
1037 1523 1107 1562 ἀπὸ

73 1583 334 1632 Δευκαλίωνος,
351 1581 398 1626 ὥς
416 1597 521 1636 φησιν
539 1581 760 1624 Ἑλλάνικος.
781 1581 922 1620 Γίνεται
937 1580 1006 1635 γὰρ
1021 1584 1108 1620 Δευ-

74 1641 242 1686 καλίωνος
267 1641 330 1693 μὲν
356 1641 417 1680 καὶ
444 1640 604 1694 Πύῤῥας,
639 1642 686 1684 ὡς
717 1639 752 1678 δὲ
783 1639 895 1690 τινὲς,
925 1640 1007 1684 Διὸς
1047 1640 1108 1678 καὶ

75 1700 234 1756 Πύρῤας,
251 1700 402 1748 ’Έλληψ
421 1698 596 1743 Ἕλλννος
611 1697 647 1737 δὲ
664 1698 725 1737 καὶ
743 1699 922 1752 Ὀθρηΐδος
933 1729 942 1746 ,
962 1699 1107 1747 Ξοῦθος,

75 1759 221 1808 Αἴολος,
252 1761 390 1812 Δῶρος,
410 1756 642 1811 Ξενοπάτρα·
666 1756 796 1796 Αἰόλου
822 1756 857 1795 δὲ
886 1757 948 1796 καὶ
975 1757 1107 1811 Ἴφιδος

23 1848 25 1850 v
74 1815 135 1866 τῆς
154 1821 307 1867 Πηνειοῦ
319 1849 330 1868 ,
355 1816 587 1869 Σαλμωνεύς·
610 1816 832 1868 Σαλμωνέως
854 1815 967 1855 δὲκαὶ
987 1817 1106 1856 Ἀλκι-

76 1878 190 1927 δίκης,
209 1876 329 1932 Τυρὼ,
356 1872 397 1925 ἧς
419 1877 480 1916 καὶ
504 1877 746 1925 Ποσειδῶνος,
771 1875 926 1924 Νηλεύς·
957 1876 1106 1924 Νηλέως

76 1936 112 1976 δὲ
148 1938 208 1976 καὶ
244 1937 444 1990 Χλωρίδος,
475 1936 756 1990 Περικλύμενος·
776 1936 1040 1989 Περικλυμένου
1070 1937 1107 1975 δὲ

75 1995 136 2034 καὶ
159 1994 381 2042 Πεισιδίκης,
414 1997 554 2047 Βῶρος·
580 1993 702 2048 Βώρου
730 1992 767 2032 δὲ
799 1994 860 2033 καὶ
895 1994 1105 2043 Λυσιδίκης,

75 2053 260 2098 Πένθιλος·
280 2053 451 2093 Πενθίλου
472 2052 508 2091 δὲ
525 2053 585 2092 καὶ
606 2052 808 2106 Ἀγχιρόης,
833 2053 1104 2107 Ἀνδρόπομπος·

77 2112 338 2167 Ἀνδροπόμπου
361 2111 397 2150 δὲ
426 2112 487 2151 καὶ
514 2111 697 2165 Ἡνιόχης,
730 2115 791 2159 τῆς
824 2112 1024 2165 Ἀρμενίου,
1044 2117 1104 2150 τοῦ

74 2272 158 2307 inter
173 2273 340 2314 Pelagonis
356 2272 501 2305 armenta
521 2269 651 2304 obviam
673 2270 789 2311 factus,
809 2278 879 2303 eam
892 2278 976 2311 pone
991 2278 1101 2311 seque-

75 2319 180 2353 batur.
198 2322 276 2353 Haec
289 2322 462 2361 postquam
475 2322 576 2352 totam
593 2319 748 2353 Boeotiam
761 2318 974 2360 percurrerat,
990 2317 1101 2350 defati-

73 2369 148 2408 gata
163 2368 255 2399 humi
270 2367 467 2409 procubuit,
497 2367 552 2399 ubi
573 2375 662 2399 nunc
676 2367 804 2399 exstant
819 2365 950 2398 Thebae.
979 2365 1103 2397 Deinde

75 2414 192 2447 bovem
208 2415 295 2446 illam
311 2415 467 2447 Minervae
483 2416 685 2447 mactaturus
711 2423 729 2446 e
744 2413 841 2446 sociis
861 2412 928 2446 suis
944 2413 1102 2455 quosdam

74 2471 115 2494 ex
122 2463 238 2494 Martio
250 2463 340 2494 sonte
352 2463 502 2494 haustam
530 2471 648 2503 aquam
676 2464 903 2503 apportaturos
927 2462 1026 2495 misit.
1043 2461 1104 2494 Sed

75 2508 172 2540 draco
187 2509 268 2541 sonti
281 2511 392 2542 custos
406 2509 573 2550 appositus
581 2511 660 2550 erat,
669 2517 767 2550 quem
775 2510 878 2541 Marte
889 2511 995 2541 satum
1003 2509 1104 2541 fnisse

75 2555 296 2596 perhibebant.
319 2558 353 2588 Is
366 2565 409 2600 ex*
426 2557 592 2597 aquaturis
607 2556 778 2597 plerosque
793 2556 966 2588 absumsit.
996 2559 1103 2594 Quare

76 2602 260 2644 indignatus
276 2603 419 2636 Cadmus
436 2604 607 2636 draconem
623 2604 796 2643 interemit,
813 2612 850 2635 ac
858 2604 1013 2636 Minervae
1029 2613 1104 2635 con-

75 2649 147 2681 silio
163 2649 275 2682 dentes
291 2650 360 2690 ejus
375 2651 453 2683 serit
468 2661 477 2690 ;
499 2650 618 2691 quibus
633 2650 712 2683 satis
726 2674 735 2690 ‚
758 2651 874 2682 armati
893 2659 933 2682 ex
945 2652 1031 2683 terra
1043 2651 1104 2683 viri

74 2696 178 2728 exorti
198 2699 284 2728 sunt.
304 2699 391 2729 Mars
406 2706 484 2729 vero
503 2698 604 2730 iratus
626 2700 722 2738 atque
743 2699 905 2731 cadmum
918 2698 1101 2730 intersectu-

75 2751 144 2783 rus,
156 2743 218 2775 hoc
232 2744 408 2784 quominus
424 2744 542 2777 faceret
556 2745 730 2786 impeditus
740 2747 789 2776 est
802 2754 820 2776 a
837 2746 932 2785 Jove,
947 2745 1003 2786 qui
1017 2746 1106 2777 dedit

76 2789 122 2821 illi
138 2791 348 2822 Harmoniam
361 2815 369 2830 ‚
387 2792 500 2824 Martis
516 2801 557 2824 ex
570 2794 695 2824 Venere
710 2792 820 2824 filiam.
837 2794 941 2824 Antea
952 2801 1030 2824 vero
1041 2817 1050 2832 ‚
1068 2795 1104 2825 ut

75 2835 237 2869 dracontis
254 2838 353 2870 occisi
377 2847 506 2879 poenam
525 2839 687 2878 solveret,
715 2848 772 2880 per
790 2847 912 2870 annum
933 2839 962 2872 ei
979 2840 1101 2872 servire

75 2882 185 2924 jussit,
201 2883 234 2916 in
246 2885 368 2926 nuptiis
387 2894 462 2917 vero
477 2895 591 2918 canere
608 2888 731 2926 Musas,
748 2888 780 2918 et
791 2895 956 2927 quemque
969 2887 1103 2919 deorum

78 2930 221 2971 nuptiale
236 2940 356 2963 munus
372 2932 448 2965 dare
464 2933 660 2964 Harmoniae.
677 2951 718 2956 —-
730 2933 873 2965 Historia
886 2932 1001 2973 legitur
1017 2934 1103 2975 apud

77 2977 279 3010 Hellanicum
300 2978 333 3010 in
346 2980 499 3012 Boeoticis
513 2982 545 3013 et
562 2980 597 3012 in
613 2979 798 3021 Apollodori
814 2979 896 3012 libro
912 2981 1018 3013 tertio.

117 3088 299 3122 Hellanicus
311 3089 415 3131 lapide
429 3090 701 3124 dicitdracontem
711 3091 917 3123 interfectum
930 3100 1013 3131 esse,
1022 3092 1097 3124 Phe-

77 3136 215 3167 recrates
230 3137 338 3167 autem
354 3136 448 3169 ferro.

128 3232 254 3265 codrus
269 3243 310 3267 ex
323 3236 528 3268 Deucalionis
543 3237 680 3277 posteris
693 3239 772 3277 erat,
786 3238 916 3270 auctore
930 3238 1104 3270 Hellanico.

77 3281 158 3332 Nam
172 3281 386 3322 Deucalionis,
399 3283 462 3323 vel,
471 3286 508 3315 ut
523 3284 668 3316 nonnulli
681 3284 805 3326 dicunt,
822 3285 914 3316 Jovis
930 3294 970 3316 ex
986 3285 1106 3325 Pyrrha

79 3325 163 3359 filius
177 3328 227 3358 est
242 3328 352 3359 Hellen
367 3340 376 3369 ;
397 3328 536 3362 Hellenis
544 3340 590 3363 ex
605 3331 760 3363 Othreide
790 3332 919 3363 Xutlius
934 3355 943 3371 ‚
971 3332 1082 3363 AEolus
1095 3355 1104 3370 ,

77 3374 197 3413 ,θοι-ηε,
211 3374 391 3415 Xenopatra
404 3386 413 3415 ;
428 3377 509 3409 AEoli
519 3386 559 3409 ex
571 3378 695 3418 Iphide,
707 3378 802 3410 Penei
815 3378 890 3417 filia,
901 3378 1102 3417 Salmoneus;

1168 239 1379 287 Ζευξίππου,
1399 243 1461 279 τοῦ
1489 241 1672 292 Εὐμήλου,
1695 245 1756 279 τοῦ
1790 240 1983 292 Ἀδμήτου,
2001 240 2194 286 Μέλανθος.

1166 293 1297 348 Οῧτος,
1329 298 1568 352 Ἡρακλειδῶν
1620 299 1802 349 ἐπιόντων,
1846 301 1885 338 ἐκ
1926 300 2117 348 Μεσσήνης
2149 303 2197 346 εἷς

1165 358 1308 405 Ἀθήνας
1346 359 1560 413 ἀνεχώρησε·
1599 360 1660 399 καὶ
1707 361 1803 413 αὐτῷ
1835 361 1967 410 γίνεται
2005 366 2087 404 παῖς
2122 360 2196 400 Κό-

1166 418 1253 470 δρος.

1659 497 1716 534 ll.

1220 563 1348 601 Schol.
1360 563 1514 601 Pindar.
1524 565 1632 614 Pyth.
1645 569 1751 613 VIII,
1764 567 1827 613 68,
1837 566 1885 604 de
1900 565 2079 612 Adrasto,
2088 565 2195 603 Talai

1167 622 1260 667 filio,
1282 635 1370 672 rege
1396 623 1626 673 Argivorum
1644 640 1651 662 ε
1670 625 1847 679 Πρότερον
1867 624 1930 676 μὲν
1947 624 2060 671 ἐσώθη
2081 623 2194 675 μόνος·

1164 678 1255 719 κατὰ
1279 678 1315 718 δὲ
1344 679 1407 727 τὴν
1436 681 1598 734 δευτέραν
1618 683 1800 736 στρατείαν
1829 683 1971 722 πάντων
2000 682 2194 730 σωθέντων,

1166 738 1268 782 αὐτὸς
1292 737 1394 790 μόνος
1418 738 1476 777 τὸν
1505 739 1576 778 υἱὸν
1597 742 1787 790 ἀπέὸαλεν,
1812 742 1996 795 Αἰγιαλέα,
2022 741 2068 786 ὥς
2089 757 2194 796 φησιν

1166 798 1397 846 ἹΞλλάνικος,
1413 797 1539 849 λέγων,
1561 800 1595 836 ἐν
1614 798 1780 838 Γλίσαντι
1806 800 1867 848 τὴν
1893 799 2075 852 συμὸολὴν
2095 816 2195 853 γεγε-

1165 860 1303 905 νῆσθαι.

1657 917 1714 955 12.

1219 994 1347 1032 Schol.
1367 993 1501 1043 Eurip.
1523 993 1654 1030 Phoen.
1673 1006 1716 1039 71
1737 1007 1745 1029 :
1767 990 1973 1037 Ἑλλάνικος
1993 993 2029 1031 δὲ
2052 996 2193 1048 ἱστορεῖ,

1163 1051 1255 1092 κατὰ
1286 1054 1459 1099 συνθήκας
1483 1050 1586 1089 αὐτὸν
1616 1050 1853 1103 (Polynicen)
1883 1055 2108 1106 συγχωρῆσαι
2129 1053 2193 1101 τὴν

1169 1111 1347 1164 βασιλείαν
1366 1111 1560 1158 Ἐτεοκλεῖ,
1590 1108 1718 1161 λέγων,
1745 1108 1876 1163 αἵρεσιν
1900 1112 1993 1164 αὐτῷ
2016 1118 2193 1164 προτεῖναι

1165 1171 1223 1210 τὸν
1245 1171 1439 1218 Ἔτεοκλῆ,
1463 1171 1493 1208 εἶ
1516 1168 1676 1222 βούλοιτο
1695 1167 1758 1215 τὴν
1787 1168 1966 1221 βασιλείαν
1984 1168 2089 1221 ἔχειν,
2109 1169 2132 1217 ἢ
2154 1171 2194 1210 τὸ

1167 1230 1270 1284 μέρος
1288 1232 1357 1268 τῶν
1372 1228 1569 1283 χρημάτων
1586 1227 1720 1275 λαὸεῖν,
1736 1227 1797 1267 καὶ
1815 1227 1934 1281 ἑτέραν
1959 1227 2059 1266 πόλιν
2076 1231 2192 1267 οἰκεῖν.

1165 1289 1236 1328 Τὸν
1253 1288 1289 1327 δὲ
1308 1288 1464 1327 λαὸόντα
1478 1287 1535 1326 τὸν
1550 1286 1657 1341 ὅρμον
1678 1286 1737 1325 καὶ
1753 1285 1812 1325 τὸν
1836 1288 1971 1339 χιτῶνα
1995 1285 2192 1339 Ἁρμονίας,

1166 1350 1401 1401 ἀναχωρῆσαι
1437 1349 1484 1390 εἷς
1515 1345 1659 1400 Ἄργος,
1696 1344 1873 1399 κρίναντος
1901 1349 1962 1384 τοῦ
1988 1344 2112 1399 μέρους
2130 1345 2192 1393 τὴν

1170 1406 1349 1459 βασιλείαν
1374 1404 1560 1449 Οἰδίποδός
1575 1420 1642 1443 που
1661 1407 1825 1458 χωρῆσαι
1851 1404 2038 1457 (Matthiae
2064 1406 2192 1455 suspi—

1166 1474 1275 1503 catur
1296 1464 1354 1503 τὸν
1375 1463 1636 1518 ’δὲ-κρίναντα
1659 1463 1737 1501 ἀντὶ
1762 1466 1821 1501 τοῦ
1843 1461 1967 1515 μέρους
1995 1460 2058 1508 τὴν
2084 1464 2192 1514 βασι-

1163 1523 1259 1562 λείαν
1271 1524 1348 1562 Οἷδ.
1374 1522 1628 1576 συγχωρῆσαι).
1645 1515 1716 1560 ῗΩν
1733 1521 1790 1560 τὸν
1803 1519 1865 1572 μὲν
1882 1519 1988 1574 δ’ρμον
2008 1520 2191 1574 Ἀφροδίτῃ

1166 1582 1363 1636 (Ἀφροδίτη
1375 1582 1631 1632 VVesscling.)‚
1643 1580 1699 1619 τὸν
1716 1579 1752 1618 δὲ
1771 1582 1905 1633 χιτῶνα
1917 1579 2042 1633 Ἀθηνᾷ
2052 1579 2193 1631 (Ἀθηνᾶ

1166 1642 1283 1692 idem)
1318 1641 1520 1694 ἐχαρίσατο,
1541 1634 1570 1694 ᾧ
1607 1641 1684 1691 (alii
1709 1638 1744 1690 ἃ)
1775 1638 1835 1677 καὶ
1858 1638 1987 1676 δέδωκε
2009 1637 2073 1685 τὴν
2094 1636 2194 1689 θύγα-

1165 1716 1231 1754 τρα
1241 1699 1429 1761 Ἄδραστος
1450 1698 1619 1754 Ἀργείαν.
1640 1699 1797 1736 «Malim
1816 1699 1876 1736 vel
1896 1711 2048 1736 servare
2061 1697 2195 1734 lectio-

1167 1773 1253 1797 nem
1283 1758 1429 1813 ᾡ-τὴν
1451 1757 1607 1812 θύγατρα
1627 1756 1857 1811 -Ἀργείαν,
1880 1765 1922 1793 ut
1945 1749 1974 1810 ᾧ
2003 1755 2194 1807 pertineat

1166 1819 1213 1857 ad
1233 1819 1456 1869 Polynicen,
1480 1818 1541 1855 vel
1570 1825 1675 1855 certe
1694 1817 1838 1867 legere,
1871 1814 2011 1867 ἃ--τῇ
2049 1814 2193 1867 θυγατρὶ

1167 1877 1355 1932 Ἀδράστου
1391 1875 1541 1931 Ἀργεία,
1570 1876 1697 1927 posita
1731 1884 1817 1926 post
1837 1873 2026 1927 ἐχαρίσατο
2057 1874 2193 1911 distin—-

1166 1939 1293 1975 ctione
1313 1937 1458 1988 majori.
1481 1940 1577 1984 Quae
1596 1935 1791 1987 posterior
1816 1935 1914 1971 ratio
1943 1933 2037 1970 mihi
2059 1933 2193 1983 praefe—

1165 1996 1285 2033 renda
1310 1995 1465 2032 videtur
1485 1995 1599 2032 etiam
1621 1995 1723 2037 ideo,
1749 1993 1838 2044 quia
1858 1993 1911 2030 sic
1930 1991 2079 2029 tollitur
2093 1991 2194 2027 diffi-

1164 2055 1285 2091 cultas
1305 2054 1383 2100 illa,
1405 2067 1490 2104 quae
1511 2054 1637 2101 oritur
1656 2067 1676 2090 e
1701 2052 1824 2089 forma
1851 2050 2061 2088 accusativi
2096 2062 2191 2086 con—

1165 2122 1288 2150 tracia
1307 2110 1474 2165 θύγατρα,
1507 2125 1592 2162 quae
1619 2124 1698 2148 non
1733 2109 1891 2160 quidem
1923 2108 2079 2146 defendi
2113 2120 2191 2144 non

1160 2271 1320 2304 Salmonei
1333 2280 1373 2303 ex
1381 2269 1630 2310 AlcidiceTyr03
1644 2268 1741 2308 hujus
1752 2271 1783 2299 et
1798 2266 1936 2307 Neptuni
1953 2266 2086 2302 Neleus;
2103 2265 2190 2298 Nelei

1159 2328 1199 2351 ex
1216 2318 1368 2352 Cliloride
1384 2317 1626 2357 Periclymenus
1638 2325 1646 2354 ;
1661 2313 1871 2354 Periclymeni
1884 2322 1902 2345 e
1916 2313 2053 2344 Pisidice
2067 2313 2187 2350 Borus;

1160 2366 1234 2399 Bori
1246 2375 1263 2398 e
1279 2365 1430 2406 Lysidice
1443 2362 1627 2399 Penthilus;
1646 2361 1783 2393 Penthili
1801 2369 1840 2392 ex
1870 2360 2052 2391 Anchirhoe
2073 2359 2191 2390 Andro-

1160 2422 1316 2454 pompus;
1335 2410 1556 2451 Androponipi
1575 2418 1615 2441 ex
1634 2408 1797 2441 Henioche
1809 2431 1817 2446 ,
1838 2406 2004 2445 Armenii,
2024 2404 2187 2445 Zeuxippi,

1162 2461 1306 2499 Eumeli,
1340 2458 1479 2497 Admeti,
1497 2456 1694 2494 Melanthus,
1721 2454 1778 2496 qui
1809 2454 1870 2486 sub
1885 2453 2124 2485 Heraclidarum
2140 2451 2190 2482 ad-

1161 2510 1259 2543 ventu
1275 2509 1422 2540 Messene
1438 2505 1580 2539 Athenas
1595 2502 1775 2547 emigravit,
1793 2501 1888 2542 eique
1900 2500 1984 2532 tilius
1994 2501 2043 2531 est
2051 2498 2186 2532 Codrus.

1648 2598 1708 2630 11.

1204 2667 1241 2696 ln
1257 2664 1362 2706 prima
1376 2665 1488 2695 contra
1499 2661 1626 2694 Thebas
1642 2659 1845 2701 expeditione
1855 2658 1942 2689 solus
1956 2656 2112 2688 Adrastus
2124 2664 2187 2688 ser-

1167 2714 1262 2743 vatus
1276 2714 1325 2743 est
1339 2735 1348 2750 ‚
1369 2711 1404 2742 in
1419 2710 1516 2742 altera
1534 2718 1611 2741 vero
1626 2732 1635 2748 ‚
1652 2706 1783 2747 reliquis
1796 2704 1946 2737 omnibus
1960 2703 2095 2746 servatis
2109 2727 2118 2742 ,
2136 2702 2189 2736 iue

1162 2759 1251 2791 solus
1267 2759 1446 2799 AEgialeum
1477 2757 1577 2789 filium
1597 2755 1727 2793 amisit,
1756 2755 1794 2784 ut
1815 2752 1858 2783 ait
1893 2750 2076 2782 Hellanicus
2089 2772 2100 2787 ,
2130 2750 2187 2792 qui

1164 2815 1305 2847 pugnam
1322 2806 1361 2838 ad
1379 2805 1557 2837 Glisantem
1573 2803 1745 2844 pugnatam
1761 2807 1830 2831 esse
1846 2800 2086 2830 commemorat.

1648 2885 1709 2917 12.

1203 2957 1386 2990 Hellanicus
1394 2958 1502 2988 narrat
1510 2955 1682 2995 Polynicen
1689 2952 1835 2995 pactione
1845 2958 1979 2991 regnum
1988 2949 2186 2983 concessisse

1161 3005 1283 3037 Eteocli
1297 3004 1400 3043 fratri,
1420 3004 1505 3034 hunc
1518 3002 1627 3033 dicens
1642 3000 1804 3041 optionem
1818 2999 1847 3030 ei
1863 2997 1991 3030 dedisse
2004 2999 2114 3029 utrum
2123 2996 2187 3029 vel·

1131 3047 1139 3079 l
1160 3053 1205 3084 let
1221 3052 1339 3091 regiam
1354 3050 1470 3081 habere
1485 3049 1683 3089 dignitatem,
1700 3056 1754 3086 an,
1772 3047 1901 3086 accepta
1913 3053 2011 3085 opum
2025 3046 2126 3085 parte,
2153 3044 2187 3076 in

1161 3098 1222 3130 alia
1236 3098 1316 3129 urhe
1331 3097 1432 3127 vitam
1445 3096 1567 3135 degere.
1585 3095 1680 3126 illum
1695 3103 1781 3129 vero,
1798 3094 1970 3134 postquam
1978 3091 2097 3123 monile
2108 3091 2184 3123 illud

1162 3153 1295 3176 aureum
1305 3145 1337 3175 et
1351 3142 1535 3174 Harmoniae
1551 3142 1681 3182 peplum
1697 3139 1883 3181 accepisset,
1894 3148 1955 3180 pro
1969 3139 2028 3170 hac
2041 3138 2186 3179 portione

1162 3190 1276 3231 OEdipi
1291 3198 1422 3230 regnum
1437 3188 1609 3220 concedere
1627 3197 1692 3220 non
1705 3186 1907 3220 dubitantem
1919 3188 2021 3226 Argos
2033 3193 2103 3216 sese
2114 3193 2185 3216 con·

1161 3237 1286 3270 tulisse.
1304 3238 1345 3267 Et
1360 3235 1477 3267 monile
1492 3235 1624 3276 quidem
1646 3237 1768 3274 Venus,
1784 3232 1914 3274 peplum
1941 3240 2019 3264 vero
2043 3231 2185 3263 Minerva

1163 3283 1347 3316 Harmoniae
1363 3282 1563 3314 donaverant
1575 3293 1584 3310 ε
1603 3291 1677 3324 quae
1695 3280 1812 3315 deinde
1824 3279 1952 3312 Adrasti
1969 3277 2054 3317 tiliae,
2068 3277 2182 3318 Argiae,

1162 3330 1251 3362 dedit
1272 3329 1451 3370 Polynices.
1465 3349 1507 3356 —-
1521 3329 1705 3362 Hellanicus
1721 3329 1761 3362 de
1778 3326 1990 3360 excaecatione
2012 3323 2183 3365 OEdipodis

1165 3377 1282 3409 similia
1304 3378 1491 3408 narraverat
1507 3376 1665 3418 Euripidi.
