2320 3684
165 217 241 250 404

899 202 1215 242 PHILOCHORI
1246 201 1576 241 FRAGMENTA.

165 296 383 351 ψηφίσασθαι
405 294 517 343 ἔδοξε,
542 292 590 344 μὴ
612 292 875 343 μνησικακῆσαι
900 288 1063 336 ἀλλήλοις
1078 287 1188 327 καθά-
1246 289 1398 340 Olymp.
1427 290 1515 338 CV,
1550 304 1565 326 1
1605 288 1677 340 (fr.
1710 301 1779 335 127
1803 303 1812 335 3
1847 287 1894 324 cf.
1925 287 2074 325 Boeckh.
2109 302 2147 339 p.
2185 288 2271 340 18),

166 355 235 401 παξ
253 355 361 408 μηδὲν
379 352 458 397 τοὺς
486 351 640 393 πολίτας.
659 348 766 388 Ἀλλὰ
790 347 903 387 ταῦτά
930 363 970 399 γε
993 348 1089 387 οὔπω
1107 346 1188 385 ἐπέ-

166 430 315 468 πρακτο,
326 414 404 452 οὐδὲ
420 411 465 451 τὰ
484 409 541 449 ἐπὶ
555 411 624 446 τῶν
641 407 828 460 τριάκοντα
844 406 912 454 ἤδη
927 401 986 458 ἧν,
1001 405 1090 446 ἀλλὰ
1109 405 1187 455 καὶ,

167 477 214 517 ὡς
230 470 427 525 Φιλόχορός
440 484 558 524 φησιν,
579 485 594 502 «
608 466 762 519 πέμπτῳ
778 465 846 505 ἔτει
865 465 1006 519 ὕστερον
1023 468 1084 512 τῆς
1098 466 1193 518 Θρα-

168 532 338 574 συὸούλου
358 527 544 581 γενομένης
564 525 710 579 Κριτίας
730 527 765 564 ἐν
786 527 946 582 Πειραιεῖ
960 526 1143 578 τελευτᾷ.»

220 591 430 631 Postrema,
449 593 535 633 quae
552 579 759 618 secundum
776 579 947 617 codicem
963 582 1097 617 Venet.
1117 584 1190 626 474

169 644 413 685 exhibuimus
428 670 438 688 ‚
463 641 594 678 luxata
615 647 717 677 sunt.
737 638 877 676 Aldina
906 638 1018 689 legit:
1051 636 1192 690 ὕστερον

170 704 323 757 μάχεται
343 700 432 753 μετὰ
441 697 697 752 Θρασυὸούλου
710 695 897 748 γενομένου
913 696 936 744 ἢ
954 698 1069 736 κ.τ.λ.
1088 697 1193 736 ldem

168 763 286 801 habet
303 761 388 799 cod.
402 758 608 798 Florentin.
621 761 817 805 Laui-ent„
837 757 910 796 nisi
929 756 1034 808 quod
1053 756 1107 794 ibi
1124 769 1195 806 pro

168 818 396 874 γενομένουῆ
426 817 617 869 reperitur
642 816 857 868 γενομένους.
887 815 1195 854 Hemsterhusius

170 880 390 920 emendavit
424 876 577 930 πέμπτῳ
611 874 681 914 ἔτει
703 875 843 929 ὕστερον
883 874 982 927 μάχη
1013 877 1082 913 τῶν
1109 873 1197 925 μετὰ

170 936 424 993 Θρασυὸούλου
441 934 611 988 γενομένη
630 928 686 981 ἧν.
716 937 761 972 In
778 933 917 985 quibus
944 933 1128 981 offendit,
1155 941 1198 970 ut

169 1000 253 1051 ipse
271 997 488 1036 Hemsterh.
514 994 657 1041 sensit,
681 993 777 1031 illud
795 991 965 1044 γενομένη
988 986 1043 1040 ἧν.
1073 995 1198 1052 Qu‘ife

171 1057 353 1108 equidem
377 1055 505 1093 malim
520 1068 528 1090 :
547 1052 645 1105 μάχη
662 1057 733 1095 τοῖς
752 1049 841 1103 μετὰ
852 1052 920 1105 Θρ.
935 1049 1131 1102 γενομένοις
1143 1053 1197 1097 ἠν.

169 1117 373 1156 Dindorfio
393 1129 442 1153 ex
468 1113 638 1164 vestigiis
665 1112 747 1150 cod.
762 1116 858 1150 Ven.
879 1111 1125 1150 scribendum
1139 1110 1200 1148 vi—

172 1177 310 1214 detur:
332 1174 473 1228 ὕστερον
500 1171 619 1224 μάχης
645 1169 858 1222 γενομένης,
891 1170 1016 1208 deleto
1051 1170 1200 1221 Θρασυ-

172 1234 313 1284 ὅούλου,
334 1233 438 1285 quod
454 1246 504 1270 ex
527 1231 728 1282 superiore
753 1230 820 1267 illo
841 1227 930 1280 μετὰ
947 1226 1199 1280 Θρασυὸούλου

171 1292 298 1340 Φυλὴν
323 1289 586 1333 καταλαὸόντας
611 1297 739 1328 ortum
760 1296 882 1339 putat.
903 1289 1082 1327 Dukerus
1110 1300 1202 1324 con-

165 1352 261 1402 jecit
288 1350 443 1403 πέμπτῳ
461 1349 489 1387 ἔ.
504 1348 646 1402 ὕστερον
665 1346 819 1399 μάχεται
838 1343 926 1397 μετὰ
946 1342 1200 1398 Θρασυὸούλου

172 1412 207 1449 ἐν
230 1412 388 1464 Πειραιεῖ
407 1407 596 1460 γενομένου
619 1409 638 1444 ὃ
663 1405 810 1459 Κριτίας
834 1403 894 1442 καὶ
913 1405 1068 1457 τελευτᾷ.

224 1525 414 1571 Harpocr.
433 1533 462 1557 s.
483 1532 521 1555 v.
534 1516 720 1568 Πομπείας
737 1530 745 1553 :
824 1516 992 1566 Πομπεῖα
1009 1513 1045 1552 δὲ
1064 1512 1203 1565 λέγεται

171 1579 216 1617 τὰ
247 1580 294 1621 εἷς
327 1576 387 1620 τὰς
427 1574 572 1627 πομπὰς
605 1572 936 1624 κατασκευαζόμενα
970 1572 1095 1621 σκεύη,
1114 1574 1161 1616 ὡς
1186 1575 1204 1611 ὁ

174 1637 276 1681 αὖτὸς
294 1635 409 1690 ῥήτωρ
434 1633 690 1688 (Δημοσθένης)
712 1632 792 1671 κατ’
815 1631 1056 1685 Ἀνδροτίωνος
1075 1634 1205 1678 ὑποση-

175 1697 302 1749 μαίνει.
333 1715 349 1731 «
371 1694 564 1748 Πομπείοις
595 1693 653 1743 δὲ,
681 1692 768 1747 φησὶ
789 1691 1011 1745 Φιλόχορος,
1038 1691 1204 1745 πρότερον

174 1758 328 1809 ἐχρῶντο
342 1757 373 1793 οἱ
388 1754 561 1802 Ἀθηναῖοι
573 1758 645 1796 τοῖς
662 1754 702 1791 ἐκ
717 1754 780 1798 τῆς
794 1750 912 1795 οὐσίας
928 1753 997 1789 τῶν
1017 1750 1205 1803 τριάκοντα

174 1816 519 1854 κατασκευασθεῖσιν·
541 1811 604 1867 ὀψὲ
621 1812 657 1850 δὲ
669 1842 680 1863 ,
707 1811 805 1866 φησὶ,
822 1810 882 1850 καὶ
899 1810 1100 1864 Ἀνδροτίων
1115 1809 1206 1849 ἄλλα

176 1872 443 1912 κατεσκεύασεν.
464 1890 479 1906 »
875 1904 878 1906 ,

229 1933 410 1984 Repetita
426 1931 508 1969 haec
525 1939 612 1969 sunt
629 1944 651 1968 a
665 1930 780 1969 Suida
792 1960 802 1978 ,
820 1929 1038 1967 Phavorino
1057 1937 1094 1966 et
1111 1928 1207 1966 Pho-

178 1993 232 2030 tio
251 1993 289 2029 in
309 1994 400 2028 Lex.
419 1991 458 2027 h.
477 2003 514 2027 v.

642 2058 769 2068 —onoe—

579 2099 730 2138 LIBER
759 2098 808 2137 V.

233 2165 291 2199 Ex
324 2159 425 2198 libro
457 2159 592 2209 quinto
630 2159 808 2206 citantur,
842 2171 927 2208 quae
957 2157 1210 2195 Philochorus

180 2220 276 2258 dixit
293 2219 340 2257 de
361 2219 585 2269 Symmoriis
604 2217 835 2255 tributorum
853 2218 1006 2268 Olymp.
1038 2219 1087 2265 C,
1107 2218 1127 2254 3
1146 2218 1209 2254 in-

182 2280 323 2318 stitutis
369 2279 442 2330 (fr.
486 2280 558 2315 126
578 2277 615 2329 )‚
659 2277 706 2315 de
749 2280 902 2326 Stryma
936 2277 1033 2315 urbe
1049 2307 1059 2324 ‚
1104 2277 1212 2327 cujus

183 2339 327 2377 mentio
346 2338 443 2375 facta
460 2346 517 2375 est
531 2336 603 2374 sub
621 2337 805 2374 archonte
821 2337 1039 2374 Timocrate
1054 2336 1209 2387 Olymp.

185 2401 294 2445 CIV,
331 2402 352 2441 4
389 2396 462 2448 (fr.
493 2397 597 2441 128;
635 2396 684 2434 cf.
722 2396 924 2434 Demosth.
963 2398 1003 2434 C.
1030 2396 1211 2445 Polyclet.

186 2471 222 2508 p.
250 2457 363 2503 1213,
389 2455 447 2502 15,
476 2455 628 2492 Boeckh.
659 2455 683 2492 l.
706 2455 729 2491 1.
751 2469 789 2505 p.
814 2455 888 2505 19),
910 2454 957 2492 de
975 2458 1075 2492 Dato
1095 2453 1212 2502 urbe,

186 2529 272 2566 quae
293 2513 537 2552 memoranda
572 2521 651 2551 erat
679 2512 750 2550 sub
780 2514 962 2550 archonte
987 2513 1214 2558 Caleede,

188 2623 298 2654 visum
313 2622 373 2659 est,
391 2628 433 2652 ne
453 2619 542 2651 cives
557 2618 748 2660 injuriarum
764 2626 924 2650 memores
937 2618 997 2650 sibi
1013 2618 1151 2650 invicem
1159 2618 1218 2649 ira-

193 2670 369 2701 scerentur.
395 2666 457 2699 Sed
475 2667 546 2699 haec
566 2665 712 2698 nondum
740 2666 814 2697 acta
841 2667 931 2697 erant
959 2666 1074 2706 (quum
1097 2665 1220 2706 primus

190 2716 306 2748 Plutus
334 2713 440 2747 editus
463 2714 538 2752 est,
567 2713 721 2745 archonte
758 2711 900 2751 Diocle),
934 2719 1039 2751 neque
1061 2719 1135 2751 quae
1160 2711 1221 2742 sul)

190 2762 321 2803 triginta
337 2760 415 2792 viris
426 2759 613 2792 acciderunt
627 2770 634 2791 :
656 2759 800 2800 quinque
813 2758 900 2790 enim
914 2758 1008 2790 annis
1023 2758 1099 2798 post
1115 2765 1222 2797 pugna

191 2817 266 2841 cum
283 2807 486 2848 Thrasybulo
502 2807 635 2847 ejusque
659 2807 756 2838 sociis
772 2806 806 2838 in
822 2806 957 2846 Piraeeo,
976 2804 1011 2836 in
1025 2813 1089 2846 qua
1105 2804 1221 2837 Critias

191 2864 307 2895 caesus,
325 2854 500 2887 commissa
521 2856 582 2886 est.

665 2919 753 2952 124.

235 2984 382 3024 Πομπεῖα
391 2982 544 3014 dicuntur
555 2990 633 3014 vasa
645 2983 680 3014 in
696 2982 840 3014 solennia
851 2989 1041 3022 pomparum
1057 2982 1219 3021 apparata,

195 3032 231 3060 ut
246 3030 482 3061 Demosthenes
498 3028 622 3061 indicat
634 3032 746 3061 contra
761 3028 1003 3061 Androtionem.
1021 3040 1037 3054 ι(
1053 3026 1222 3067 Primitus,

199 3075 394 3107 Philochoro
409 3078 501 3115 teste,
518 3076 730 3108 Athenienses
753 3076 923 3116 Πομπείοις
941 3074 1114 3107 utebantur
1136 3082 1154 3105 e
1168 3073 1222 3105 bo-

197 3123 248 3152 nis
262 3122 393 3162 triginta
409 3125 623 3163 tyrannorum
640 3122 744 3161 factis,
761 3122 865 3154 multo
882 3130 957 3154 vero
974 3122 1048 3162 post
1062 3143 1071 3160 ,
1085 3120 1141 3161 ait,
1160 3120 1223 3153 alia

197 3168 355 3200 Androtio
380 3168 466 3200 fecit.
487 3182 503 3196 n

596 3276 746 3314 LIBER
775 3277 821 3315 V.

675 3347 760 3379 125.

239 3404 337 3442 Quod
354 3405 467 3437 attinet
486 3405 524 3437 ad
548 3406 666 3439 bellum
690 3409 826 3450 sociale,
853 3410 1062 3442 Philochorus
1085 3413 1194 3443 narrat
1215 3435 1223 3451 ,

1247 351 1376 395 Quum
1393 356 1520 386 autem
1537 355 1685 385 certum
1710 347 1779 395 sit,
1798 359 1842 384 ea
1865 359 1949 397 quae
1966 347 2003 384 in
2025 347 2175 400 Olymp.
2195 352 2272 399 CV,

1251 407 1271 444 3
1289 407 1489 455 incidunt,
1524 406 1626 443 libro
1659 413 1766 442 sexto
1798 413 1951 442 narrata
1979 419 2060 444 esse
2088 407 2148 458 (fr.
2171 408 2274 461 129),

1253 465 1498 503 statuendum
1521 465 1687 511 videtur,
1719 462 1819 500 libro
1848 463 1984 513 quinto
2004 464 2202 504 historiam
2227 467 2276 506 ab

1251 524 1401 575 Olymp.
1417 526 1550 570 XCIV,
1572 537 1587 560 1
1608 536 1730 573 usque
1746 522 1794 559 ad
1823 522 1861 559 id
1892 530 2061 574 tempus,
2087 538 2166 575 quo
2183 525 2278 564 Phi-

1250 582 1381 634 lippus
1403 583 1444 620 in
1472 581 1697 620 Macedonia
1730 593 1890 630 regnare
1905 582 2043 632 coepit,
2073 582 2278 623 deductam

1252 655 1343 680 esse.

1507 694 1589 732 125.
1621 694 1789 745 [Olymp.
1808 695 1956 742 XCVI,
1975 695 2026 744 2.]

1306 754 1434 792 Schol.
1452 754 1568 792 Arist.
1584 753 1726 792 Eccles.
1753 754 1846 803 193:
1865 752 1953 806 Περὶ
1969 756 2030 791 τοῦ
2051 757 2280 806 συμμαχικοῦ

1255 811 1452 864 Φιλόχορος
1471 813 1600 865 ἱστορεῖ
1614 840 1624 858 ,
1643 810 1695 850 ὅτι
1711 810 1780 864 πρὸ
1799 810 1859 849 δύο
1877 811 1963 849 ἐτῶν
1983 810 2118 863 ἐγένετο
2136 827 2283 864 συμμα-

1254 870 1318 924 χία
1335 870 1621 921 Λακεδαιμονίων
1639 870 1699 908 καὶ
1718 871 1897 909 Βοιωτῶν.

1309 930 1370 968 ol.
1389 930 1451 979 96,
1474 942 1495 966 2
1517 930 1678 967 societas
1696 929 1796 967 inter
1818 929 2091 979 Athenienses,
2108 931 2283 979 Boeotos,

1256 988 1418 1039 Argivos
1435 996 1474 1025 et
1491 988 1708 1026 Corinthios
1736 988 1831 1025 inita
1865 996 1921 1026 est
1954 997 2088 1027 contra
2103 988 2286 1028 Lacedae-

1260 1047 1412 1084 monios
1425 1076 1434 1094 ‚
1456 1059 1574 1096 quare
1591 1046 1737 1084 Petitus
1762 1047 1923 1086 Miscell.
1953 1050 1992 1091 I,
2014 1047 2060 1084 15
2080 1057 2118 1085 et
2135 1047 2286 1086 Palme-

1257 1105 1337 1142 rius
1361 1107 1496 1142 Exere.
1517 1117 1555 1154 p.
1579 1118 1651 1151 777
1671 1117 1744 1155 pro
1764 1104 2050 1155 Λακεδαιμονίων
2070 1115 2173 1144 recte
2190 1106 2287 1146 scri-

1259 1171 1420 1215 pserunt
1435 1161 1636 1210 Ἀθηναίων.

1561 1226 1648 1264 126.
1679 1227 1848 1278 [Olymp.
1869 1230 1897 1266 C
1911 1257 1922 1276 ,
1940 1228 1994 1278 3.]

1311 1294 1501 1342 Harpocr.
1524 1304 1560 1329 v.
1581 1290 1790 1344 Συμμορία;
1871 1293 1954 1344 Οὐχ
1975 1290 2068 1330 ἅπαν
2092 1292 2132 1332 τὸ
2159 1293 2291 1340 πλῆθος

1319 1348 1463 1402 διῄρητο
1485 1351 1533 1394 εἷς
1556 1348 1618 1393 τὰς
1645 1349 1839 1403 συμμορίας
1860 1349 2057 1400 Ἀθήνησιν,
2082 1350 2173 1390 ἀλλὰ
2192 1350 2291 1403 μόνοι

1260 1410 1292 1446 οἱ
1311 1407 1473 1446 πλούσιοι
1486 1407 1547 1446 καὶ
1566 1406 1735 1462 εἰσφέρειν
1751 1411 1795 1461 τῇ
1815 1407 1915 1447 πόλει
1935 1409 2130 1461 δυνάμενοι.
2203 1413 2292 1464 Διῃ-

1263 1465 1410 1521 ρέθησαν
1423 1466 1459 1505 δὲ
1471 1468 1609 1520 πρῶτον
1621 1467 1794 1513 Ἀθηναῖοι
1809 1467 1900 1506 κατὰ
1915 1468 2113 1522 συμμορίας
2129 1469 2187 1507 ἐπὶ
2195 1471 2294 1509 Ναυ-

1262 1525 1394 1565 σινίκου
1402 1525 1596 1577 (Ναυσικοῦ
1609 1525 1741 1578 codd.)
1755 1525 1933 1580 ἄρχοντος,
1947 1526 1993 1570 ὥς
2001 1543 2086 1581 φησι
2096 1526 2294 1582 Φιλόχορος

1262 1585 1296 1621 ἐν
1320 1586 1364 1636 τῇ
1393 1582 1540 1637 πέμπτῃ
1565 1583 1723 1627 Ἀτθίδος.

1317 1643 1452 1681 Suidas
1469 1642 1506 1680 h.
1531 1656 1565 1680 v.
1586 1642 1808 1680 Philochori
1827 1657 1968 1682 nomen
1986 1644 2142 1691 omisit‘,
2166 1647 2293 1696 Etym.

1262 1704 1313 1739 M.
1330 1709 1466 1739 auctor
1486 1701 1614 1738 omnia
1634 1702 1826 1752 repetivit.

1729 1759 1815 1798 127.

1317 1816 1504 1864 Harpocr.
1527 1828 1536 1850 τ
1563 1811 1696 1863 Δάτος,
1735 1811 1835 1856 πόλις
1874 1813 1948 1852 ἐστὶ
1986 1813 2132 1868 Θρᾴκης
2165 1814 2298 1869 σφόδρα

1265 1871 1452 1923 εὐδαίμων.
1530 1871 1798 1922 Μετωνομάσθη
1821 1871 1939 1922 μέντοι
1967 1876 1990 1920 ἡ
2016 1873 2117 1918 πόλις
2135 1876 2204 1912 τῶν
2223 1876 2295 1914 Δα-

1266 1933 1394 1980 τηνῶν,
1410 1930 1593 1970 Φιλίππου
1611 1933 1672 1968 τοῦ
1687 1930 1899 1970 Μακεδόνων
1917 1931 2085 1983 βασιλέως
2100 1932 2299 1987 κρατήσαν-

1266 2005 1322 2033 τος
1342 1989 1469 2036 αὖτῆς,
1489 1991 1536 2032 ὡς
1553 1987 1705 2043 ’Έφορός
1723 1987 1761 2027 τέ
1781 2005 1866 2042 φησι
1891 1990 1952 2028 καὶ
1977 1990 2175 2045 Φιλόχορος
2194 1993 2230 2030 ἐν
2253 1994 2298 2044 τῇ

1267 2047 1426 2100 πέμπτῃ.

1322 2106 1486 2145 Lenzius
1503 2115 1633 2144 monet
1650 2115 1738 2158 post
1761 2107 1930 2155 Δατηνῶν
1956 2108 2141 2148 excidisse
2158 2108 2299 2148 Φίλιπ-

1269 2181 1339 2204 ποι.
1354 2166 1410 2204 Cf.
1427 2164 1586 2203 Diodor.
1604 2168 1711 2214 XVI,
1735 2179 1794 2212 7¹-

1324 2280 1512 2328 Harpocr.
1537 2292 1545 2314 :
1570 2275 1719 2329 Στρύμη
1740 2292 1748 2315 :
1823 2277 1995 2316 Ἀποικίαι
2014 2278 2050 2317 δὲ
2078 2277 2145 2317 εἰσὶ
2156 2278 2301 2318 Θασίων

1255 2338 1334 2382 ’τῆς
1359 2334 1508 2388 Θρᾴκης
1546 2335 1710 2389 Γάληψος
1738 2335 1798 2374 καὶ
1831 2336 1978 2390 Στρύμη
2007 2341 2030 2385 ἡ
2055 2340 2171 2384 ν’ἥσος.
2195 2335 2303 2379 Ἔστι

1273 2393 1307 2433 δὲ
1334 2392 1499 2448 ἐμπόριον
1526 2394 1683 2434 Θασίων.
1709 2395 1931 2446 Μνημονεύει
1957 2398 2027 2434 τῶν
2054 2396 2200 2436 Θασίων
2218 2397 2304 2452 πρὸς

1273 2452 1500 2506 Μαρωνείτας
1519 2452 1598 2505 περὶ
1623 2455 1685 2499 τῆς
1712 2453 1876 2506 Στρύμης
1907 2454 2205 2508 ἀμφισὸητήσεως
2229 2457 2304 2495 Φι-

1274 2511 1419 2566 λόχορος
1437 2513 1472 2550 ἐν
1489 2510 1635 2565 πέμπτῃ
1647 2542 1656 2560 ,
1671 2512 1876 2566 Ἀρχίλοχον
1898 2512 2110 2565 ἐπαγόμενος
2131 2513 2302 2569 μάρτυρα.

1282 2617 1411 2649 duobus
1428 2618 1522 2650 annis
1536 2620 1610 2650 ante
1625 2618 1931 2658 (Ecclesiazusarum
1946 2619 2130 2660 editionem)
2139 2621 2307 2654 Athenien·

1281 2673 1334 2697 ses
1349 2667 1382 2697 et
1398 2666 1528 2697 Boeotos
1547 2665 1730 2698 societatem
1748 2665 1871 2698 iniisse.

1323 2758 1494 2800 Συμμορία,
1511 2759 1636 2791 classis.
1651 2778 1693 2785 --
1705 2760 1777 2792 Non
1798 2760 1904 2792 omnis
1919 2760 2093 2793 multitudo
2121 2761 2257 2794 Athenis
2272 2758 2320 2800 ins

1283 2806 1474 2845 symmorias
1494 2806 1671 2838 distributa
1681 2808 1762 2843 erat,
1779 2807 1836 2839 sed
1852 2807 1968 2840 divites
1983 2807 2101 2847 solum,
2119 2810 2152 2840 et
2163 2808 2220 2849 qui
2227 2813 2320 2840 con-⁴r

1281 2851 1364 2884 ferre
1379 2853 1503 2884 civitati
1520 2853 1674 2894 pecunias
1687 2855 1847 2894 poterant.
1858 2855 2004 2886 Primum
2011 2864 2088 2887 vero
2097 2855 2320 2894 Atheniensem&

1283 2898 1317 2930 in
1331 2899 1524 2939 symmorias
1539 2900 1636 2932 divisi
1652 2902 1729 2932 sunt
1743 2901 1895 2934 archonte
1909 2901 2085 2935 Nausinico
2095 2925 2105 2942 ‚
2122 2903 2160 2935 ut
2177 2902 2223 2935 ait
2237 2900 2320 2939 Phi&

1281 2944 1434 2977 lochorus
1447 2945 1531 2978 libro
1543 2947 1658 2987 quinto
1674 2948 1829 2980 Atthidis.

1323 3039 1439 3078 Datus,
1456 3039 1535 3072 urbs
1551 3040 1698 3073 Thraciae
1711 3041 1807 3073 valde
1822 3041 1983 3081 opulenta.
2051 3043 2248 3075 Datenorum
2259 3041 2320 3078 tuf

1283 3093 1358 3117 men
1373 3085 1501 3125 civitas,
1517 3095 1618 3126 quum
1638 3092 1715 3119 eam·
1726 3087 1894 3128 Philippus
1909 3088 2125 3121 Macedonum
2144 3097 2201 3121 rex
2214 3095 2320 3126 occu-v,

1283 3133 1403 3173 passet,
1419 3133 1675 3165 transnominata
1687 3135 1737 3166 est
1755 3157 1764 3173 ‚
1781 3135 1818 3167 ut
1830 3135 1979 3175 Ephorus
1991 3136 2140 3176 testatur,
2157 3138 2190 3167 et
2203 3134 2310 3168 Philo*

1284 3179 1400 3211 chorus
1414 3179 1448 3211 in
1461 3180 1585 3220 quinto.

1754 3229 1770 3261 1
1778 3229 1840 3262 28.
2306 3238 2307 3242 ¹

1326 3272 1515 3305 Thasiorum
1534 3273 1567 3305 in
1580 3273 1716 3306 Thracia
1731 3274 1866 3307 coloniae
1877 3276 1954 3307 sunt
1963 3276 2121 3317 Galepsus
2135 3276 2168 3308 et
2181 3274 2310 3316 Stryme

1285 3318 1392 3351 insula
1405 3344 1414 3360 ,
1439 3329 1512 3360 quae
1534 3321 1584 3353 est
1598 3321 1787 3353 Thasiorum
1803 3322 1993 3363 emporium.
2018 3321 2254 3356 controversiae
2266 3318 2314 3353 de*

1287 3367 1412 3407 Stryme
1427 3367 1511 3400 inter
1526 3367 1662 3399 Thasios
1675 3369 1708 3400 et
1723 3369 1909 3406 Maronitas,
1925 3369 2154 3409 Philochorus,
2167 3365 2306 3402 Archilo-

1286 3413 1383 3444 chum
1401 3414 1534 3446 laudans
1548 3416 1673 3454 testem,
1693 3415 1842 3448 meminit
1858 3415 1940 3448 libro
1956 3415 2081 3456 quinto.
