2320 3684
700 125 1034 167 APOLLODORI
1063 127 1424 183 BIBLIOTHECAE
1453 134 1486 185 I,
1518 139 1554 182 5,
1577 139 1614 173 6.

427 216 676 250 ΚΕΦΑΛΑΙΟΝ
697 217 742 256 ς.

117 281 167 334 (l)
197 282 250 328 ΙἭ
270 279 307 319 δὲ
325 279 405 334 περὶ
431 278 592 319 Τιτάνων
613 277 881 327 ἀγανακτοῦσα,
901 280 1005 328 γεννᾷ
1028 274 1094 314 Γί-

60 355 189 392 γαντας
216 340 251 386 ἐξ
272 341 446 394 Οὐρανοῦ,
477 335 614 389 μεγέθει
644 333 707 387 μὲν
736 333 913 386 σωμάτων
946 335 1096 388 ἀνυπερ-

60 398 222 448 ὅλήτους,
243 397 388 449 δυνάμει
399 395 436 435 δὲ
450 392 768 446 ἀκαταγωνίστους,
785 393 803 418 2
823 390 856 430 οἳ
876 391 1016 446 φοὸεροὶ
1031 392 1093 443 μὲν

59 464 135 502 ταῖς
152 458 254 511 ὄψεσι
271 455 533 510 κατεφαίνοντο,
549 450 749 504 καθειμένοι
768 453 909 504 βαθεῖαν
926 449 1040 502 κόμην
1055 453 1096 490 ἐκ

59 519 215 570 κεφαλῆς
240 516 299 555 καὶ
332 514 492 567 γενείων·
528 506 623 565 εἶχον
660 510 697 550 δὲ
720 509 784 555 τὰς
818 509 937 563 βάσεις
953 510 1097 564 φολίδας

60 575 271 630 δρακόντων.
291 575 309 601 3
329 572 514 625 Ἐγένοντο
533 570 588 622 δὲ,
608 573 656 615 ὣς
674 569 738 622 μέν
758 585 848 614 τινες
864 568 1039 621 λέγουσιν,
1059 570 1094 608 ἐν

60 633 258 689 Φλέγραις·
277 634 325 676 ὡς
348 631 384 674 δὲ
408 631 529 681 ἄλλοι,
558 632 593 669 ἐν
622 628 808 682 Παλλήνῃ.
831 626 1033 673 Ἦκόντιζον
1059 626 1096 667 δὲ

59 694 108 737 εἷς
139 692 282 747 οὐρανὸν
312 690 443 746 πέτρας
462 690 522 729 καὶ
543 691 623 744 δρῦς
651 687 826 740 ἡμμένας.
844 688 862 714 4
890 686 1036 741 Διέφερε
1060 685 1096 725 δὲ

59 752 202 792 πάντων
236 750 448 812 Πορφυρίων
481 765 519 788 τε
549 749 609 789 καὶ
642 745 858 796 Ἀλκυονεὺς,
893 746 929 790 ὃς
960 745 1002 794 δὴ
1036 746 1096 785 καὶ

60 810 230 854 ἀθάνατος
242 804 301 859 ἦν,
314 812 348 848 ἐν
366 813 458 864 ᾐπερ
466 808 633 861 ἐγεννήθη
651 810 698 861 γῇ
711 801 1045 861 μαχόμενος.οὑτος
1061 805 1096 844 δὲ

58 869 118 908 καὶ
132 871 193 913 τοῖς
203 867 328 908 (Ηλίου
348 867 430 922 βόας
443 867 478 913 ἐξ
490 866 672 922 Ἐρυθείας
685 866 808 914 ἤλασε.
827 867 843 892 ⁵
862 867 947 909 Τοῖς
963 863 999 904 ’δὲ
1011 867 1097 908 θεοῖς

58 926 174 981 λόγιον
194 922 251 977 ἦν,
272 927 340 967 ὑπὸ
357 929 443 966 θεῶν
465 925 529 979 μὲν
551 925 688 978 μηδένα
704 927 774 964 τῶν
801 924 983 977 Γιγάντων
1005 925 1097 962 ἀπο-

58 986 182 1026 λέσθαι
200 986 387 1035 δύνασθαι,
416 988 688 1038 συμμαχοῦντος
713 983 749 1023 δὲ
773 987 899 1032 θνητοῦ
915 998 1020 1032 τινος,
1035 998 1097 1021 τε-

58 1045 251 1094 λευτήσειν.
266 1047 282 1072 ⁶
303 1043 507 1097 Αἷσθομένη
522 1043 558 1083 δὲ
572 1046 624 1092 Γῆ
643 1047 758 1093 τοῦτο,
770 1043 883 1091 ἐζήτει
896 1042 1096 1097 φάρμακον,

58 1103 117 1144 ἵνα
143 1104 225 1156 μηδ’
250 1103 318 1143 ὑπὸ
343 1107 469 1152 θνητοῦ
501 1103 695 1151 δυνηθῶσιν
726 1101 933 1140 ἀπολέσθαι.
954 1100 1042 1145 Ζεὺς
1061 1099 1097 1139 δὲ

60 1163 219 1203 ἀπειπὼν
245 1162 379 1218 φαίνειν
411 1164 493 1202 Ἠοῖ
514 1177 553 1201 τε
577 1162 638 1200 καὶ
666 1160 806 1214 Σελήνῃ
831 1160 892 1199 καὶ
912 1159 1038 1214 Ἡλίῳ,
1057 1159 1098 1199 τὸ

60 1222 124 1275 μὲν
160 1222 345 1278 φάρμακον
379 1221 482 1266 αὐτὸς
515 1220 625 1273 ἔταμε
665 1220 812 1276 φθάσας,
847 1218 1031 1274 εΗρακλέα
1063 1219 1098 1259 δὲ

61 1280 252 1335 σύμμαχον
274 1281 473 1329 δι’Ἀθηνᾶς
492 1279 743 1319 ἐπεκαλέσατο.
763 1281 780 1306 7
801 1281 971 1321 Κάκεῖνος
995 1280 1097 1332 πρῶ-

60 1355 120 1380 τον
148 1339 211 1392 μὲν
235 1339 410 1386 ἐτόξευσεν
431 1338 637 1379 Ἀλκυονέα·
665 1337 767 1382 αὐτὸς
787 1336 823 1376 δὲ
858 1335 916 1375 ἐπὶ
939 1338 1002 1383 τῆς
1035 1339 1100 1388 γῆς

64 1401 200 1451 μᾶλλον
220 1399 453 1438 ἀνεθάλπετο·
473 1398 619 1446 Ἀθηνᾶς
646 1396 682 1436 δὲ
705 1393 935 1447 ὑποθεμένης,
953 1393 1019 1440 ἔξω
1038 1397 1100 1442 τῆς

63 1458 258 1506 Παλλήνης
287 1457 444 1498 εἵλκυσεν
474 1456 599 1507 αὐτὸν,
629 1458 789 1500 κάκεῖνος
808 1454 871 1507 μὲν
891 1453 1002 1498 οὕτως
1021 1455 1100 1493 ἐτε-

62 1516 182 1557 λεύτα.

119 1577 170 1628 (2)
189 1576 399 1631 Πορφυρίων
415 1573 451 1613 δὲ
471 1573 642 1629 Ἡρακλεῖ
660 1572 752 1613 κατὰ
769 1572 890 1626 μάχην
911 1570 1100 1626 ἐφώρμησε

64 1634 124 1674 καὶ
141 1634 251 1690 οἨρογι.
272 1634 360 1679 Ζεὺς
385 1634 420 1674 δὲ
440 1635 535 1687 αὐτῷ
555 1632 661 1672 πόθον
688 1632 804 1687 ςἨρας
827 1631 1004 1680 ἐνέὸαλεν,
1025 1630 1101 1678 ἥτις

64 1693 137 1744 καὶ,
149 1692 453 1748 καταρρηγνύντος
464 1694 570 1731 αὐτοῦ
584 1691 665 1736 τοὺς
674 1690 842 1740 πέπλους,
850 1689 909 1729 καὶ
921 1689 1101 1742 βιάζεσθαι

65 1752 237 1802 θέλοντος,
269 1751 415 1805 βοηθοὺς
443 1752 666 1791 ἐπεκαλεῖτο·
696 1750 776 1800 καὶ,
810 1749 892 1794 Διὸς
919 1749 1098 1803 κεραυνώ-

65 1827 189 1856 σαντος
205 1811 323 1861 αὑτὸν,
339 1810 520 1866 (Ηρακλῆς
536 1809 701 1856 τοξεύσας
716 1808 910 1849 ἀπέκτεινε.
931 1816 949 1842 2
969 1811 1052 1848 Τῶν
1065 1807 1101 1848 δὲ

65 1872 196 1910 λοιπῶν
209 1869 388 1910 Ἀπόλλων
408 1870 472 1922 μὲν
487 1869 681 1924 Ἐφιάλτου
692 1869 751 1908 τὸν
765 1868 947 1924 ἀριστερὸν
961 1867 1100 1913 ἐτόξευ-

66 1945 124 1969 σεν
135 1930 327 1985 ὀφθαλμὸν,
344 1928 524 1984 Ἢρακλῆς
542 1928 578 1967 δὲ
588 1928 648 1968 τὸν
661 1927 768 1974 δεξιόν
779 1944 787 1952 ·
803 1927 962 1982 Εὔρυτον
977 1926 1013 1966 δὲ
1021 1930 1103 1981 θυρ-

67 1991 118 2043 σῷ
137 1988 303 2033 Διόνυσος
313 1988 462 2028 ἔκτεινε·
476 1987 627 2028 Κλύτιον
637 1988 687 2038 δὲ,
698 1988 818 2043 φασὶν,
830 1988 983 2037 Ἑκάτη,
1004 1988 1101 2039 μᾶλ-

66 2050 126 2088 λον
143 2048 180 2087 δὲ
201 2048 399 2104 “Ηφαιστος
415 2046 532 2101 βαλὼν
561 2046 714 2102 μύδροις.
740 2048 758 2074 3
777 2046 909 2095 Ἀθηνᾶ
926 2045 963 2086 δὲ
976 2047 1104 2098 Ἐγκε-

68 2107 165 2161 λάδῳ
185 2106 347 2162 φεύγοντι
371 2106 538 2147 Σικελίαν
563 2106 730 2161 ἐπέρριψε
757 2105 821 2154 τὴν
846 2109 972 2154 ν’ῆσον·
996 2105 1103 2145 Πάλ-

68 2167 192 2211 λαντος
213 2166 250 2206 δὲ
264 2166 328 2215 τὴν
348 2166 451 2222 δορὰν
473 2169 690 2219 ἐκτεμοῦσα,
703 2165 814 2220 ταύτῃ
833 2165 926 2205 κατὰ
949 2165 1013 2214 τὴν
1032 2165 1104 2218 μά-

68 2241 136 2280 χην
155 2227 196 2266 τὸ
211 2227 296 2267 ἴδιον
316 2226 490 2266 ἐπέσκεπε
510 2230 625 2280 σῶμα.
645 2230 661 2256 4
682 2226 901 2275 Πολυὸώτης
917 2226 954 2265 δὲ
972 2226 1029 2265 διὰ
1043 2228 1105 2273 τῆς

69 2287 249 2335 θαλάσσης
266 2287 426 2340 διωχθεὶς
444 2287 512 2326 ὑπὸ
528 2291 590 2326 τοῦ
610 2287 844 2335 Ποσειδῶνος,
862 2281 945 2334 ἧκεν
963 2288 1010 2331 εἷς
1028 2287 1104 2325 Κῶ·

70 2347 252 2387 Ποσειδῶν
280 2346 316 2386 δὲ
347 2350 409 2394 τῆς
437 2347 545 2395 νήσου
574 2347 678 2402 μέρος
706 2346 904 2401 ἀπορρήξας
922 2345 1105 2400 ἐπέρριψεν

71 2407 179 2460 αὖτῷ,
198 2407 238 2446 τὸ
253 2406 440 2460 λεγόμενον
459 2407 625 2462 Νίσυρον.
646 2410 662 2435 ⁵
687 2407 826 2462 Ἑρμῆς
846 2405 882 2445 δὲ
909 2406 973 2454 τὴν
992 2406 1107 2450 Ἄϊδος

72 2465 197 2514 κυνέην
214 2465 307 2519 ἔχων
323 2464 415 2504 κατὰ
433 2465 497 2513 τὴν
520 2466 641 2519 μάχην
660 2464 870 2505 Ἱππόλυτον
891 2463 1106 2503 ἀπέκτεινεν·

71 2522 233 2580 Ἄρτεμις
250 2524 287 2564 δὲ
306 2525 504 2579 Γρατίωνα·
520 2527 654 2578 Μοῖραι
677 2523 715 2563 δὲ
732 2523 871 2578 Ἄγριον
891 2523 951 2562 καὶ
978 2522 1108 2564 Θόωνα

74 2583 236 2636 χαλκέοις
267 2585 430 2637 ῥοπάλοις
457 2583 693 2638 μαχομένους.
722 2585 756 2623 Τ
758 2582 816 2628 οὺς
839 2582 875 2622 δὲ
902 2582 1027 2627 ἄλλους
1045 2599 1108 2621 κε-

77 2648 210 2696 ραυνοῖς
234 2642 320 2688 Ζεὺς
350 2641 467 2695 βαλὼν
497 2643 677 2697 διέφθειρε.
699 2643 841 2687 Πάντας
861 2641 898 2681 δὲ
930 2642 1110 2697 Ἡρακλῆς

77 2701 336 2754 ἀπολλυμένους
353 2701 541 2748 ἐτόξευσεν.

130 2761 184 2812 (3)
212 2761 279 2806 ‘stc
303 2761 340 2800 δὲ
357 2761 555 2816 ἐκράτησαν
583 2762 616 2800 οἱ
645 2761 714 2800 θεοὶ
735 2762 803 2800 τῶν
824 2760 1020 2814 Γιγάντων,
1041 2762 1109 2810 Γῆ,

79 2822 213 2872 μᾶλλον
244 2823 455 2874 χολωθεῖσα,
491 2821 657 2873 μίγνυται
686 2820 881 2875 Ταρτάρῳ,
914 2821 975 2859 καὶ
1005 2826 1110 2875 γεννᾷ

79 2881 233 2935 Τυφῶνα
251 2882 286 2919 ἐν
306 2880 454 2934 Κιλικίᾳ
481 2879 703 2933 μεμιγμένην
723 2880 852 2934 ἔχοντα
871 2880 971 2935 φύσιν
991 2880 1113 2934 ἀνδρὸς

80 2943 139 2983 καὶ
153 2945 284 2999 θηρίου.
304 2946 321 2971 2
340 2940 454 2989 Οὗτος
470 2944 532 2998 μὲν
552 2945 612 2984 καὶ
631 2944 769 2997 μεγέθει
785 2945 845 2984 καὶ
859 2945 1005 2997 δυνάμει
1017 2944 1114 2984 πάν-

80 3017 150 3042 των
180 3004 371 3056 διήνεγκεν,
391 3004 491 3049 ὅσους
513 3003 678 3057 ἐγέννησε
699 3007 766 3052 Γῆ.
787 2998 859 3044 ’ῗΗν
884 3003 921 3043 δὲ
944 3006 1039 3058 αὐτῷ
1069 3003 1114 3043 τὰ

84 3060 146 3112 μὲν
164 3062 247 3117 ἄχρι
265 3066 387 3118 μηρῶν
406 3063 555 3103 ἄπλετον
575 3063 718 3116 μέγεθος
743 3062 996 3119 ἀνδρόμορφον,
1023 3063 1115 3102 ὥστε

83 3120 264 3175 ὑπερέχειν
284 3123 346 3174 μὲν
366 3123 507 3163 πάντων
527 3126 596 3162 τῶν
617 3126 725 3178 ὀρῶν·
743 3127 760 3153 3
778 3126 801 3171 ἡ
819 3123 857 3162 δὲ
871 3122 1005 3177 κεφαλὴ
1023 3124 1115 3161 πολ-

83 3178 184 3224 λάκις
210 3183 279 3220 τῶν
306 3182 443 3237 ἄστρων
472 3182 600 3236 ἔψαυε·
623 3189 744 3237 χεῖρας
773 3181 810 3221 δὲ
837 3175 924 3235 εἶχε,
954 3182 1018 3229 τὴν
1052 3180 1114 3233 μὲν

86 3238 143 3276 ἐπὶ
161 3238 224 3286 τὴν
242 3240 391 3295 ἑσπέραν
413 3240 671 3293 ἐκτεινομένην,
688 3241 751 3289 τὴν
772 3233 886 3279 δὲ’ἐπὶ
904 3239 966 3284 τὰς
986 3242 1116 3278 ἀνατο-

87 3296 167 3341 λάς·
187 3299 227 3336 ἐκ
245 3298 376 3339 τούτων
398 3300 434 3338 δὲ
453 3300 583 3353 ἐξεῖχον
599 3301 722 3339 ἑκατὸν
740 3299 890 3354 κεφαλαὶ
905 3297 1115 3353 δρακόντων.

87 3354 105 3381 4
122 3355 181 3396 Τὰ
200 3357 236 3408 δὲ
261 3358 330 3396 ἀπὸ
347 3361 484 3412 μηρῶν,
501 3359 645 3414 σπείρας
667 3353 759 3413 εἶχεν
785 3357 1030 3412 ὑπερμεγέθεις
1043 3357 1118 3407 ἐχι-

2109 140 2183 175 109

1559 225 1697 257 CAPUT
1717 225 1773 256 Vl.

1195 295 1244 337 (l)
1267 298 1381 338 Terra,
1397 297 1440 331 ob
1455 299 1610 333 Titanum
1633 299 1849 333 infortunium
1868 298 1931 332 diis
1943 298 2043 340 irata,
2062 307 2081 332 e
2093 299 2185 332 Goelo

1154 353 1335 392 procreavit
1350 354 1502 396 Gigantes
1517 357 1662 399 corporis
1675 357 1861 399 viriumque
1873 355 2096 399 magnitudine
2108 365 2186 398 prae-

1154 410 1318 452 cellentes‚
1330 418 1346 437 2
1357 415 1415 455 qui
1434 416 1568 449 terribili
1587 417 1681 459 plane
1705 417 1801 450 vultu
1813 441 1823 458 ,
1846 416 2007 459 promissa
2028 415 2161 448 caesarie
2175 437 2184 454 ‚

1155 470 1282 510 prolixa
1300 480 1318 504 e
1335 475 1445 506 mento
1470 474 1589 516 barba,
1611 485 1671 518 pro
1692 476 1830 519 pedihus
1848 475 2011 508 habebant
2032 483 2186 516 squamas

1155 530 1355 570 serpentum.
1379 532 1612 575 ³Habitabant‚
1621 536 1660 567 ut
1674 535 1822 568 nonnulli
1831 535 1955 574 dicunt,
1968 534 2002 566 in
2010 532 2186 574 Phlegraeis

1156 588 1292 630 campis,
1305 590 1483 623 secundum
1500 593 1583 626 alios
1597 593 1630 625 in
1650 594 1790 627 Pallene.
1807 596 1846 627 In
1862 593 1980 626 coelum
1994 602 2072 626 saxa
2088 593 2187 633 atque

1155 655 1308 680 accensas
1320 648 1451 682 arbores
1466 651 1702 692 jaculabantur.
1726 657 1740 677 ⁴
1756 655 1903 691 Quorum
1920 652 2068 685 omnium
2095 650 2188 683 facile

1155 706 1320 749 principes
1348 710 1440 740 erant
1454 710 1658 751 Porphyrion
1673 714 1706 744 et
1726 712 1932 753 Halcyoneus
1945 735 1955 752 ‚
1981 711 2039 753 qui
2054 710 2134 743 dum
2152 710 2187 742 in

1156 765 1244 797 terra
1257 790 1267 807 ‚
1295 774 1370 807 quae
1388 765 1498 808 ipsum
1514 768 1677 810 ediderat,
1695 770 1883 811 dimicabat,
1896 772 1965 804 erat
1980 768 2185 804 immortalis.

1156 823 1248 857 Idem
1261 824 1359 858 etiam
1367 826 1451 858 Solis
1457 826 1559 859 boves
1566 836 1607 859 ex
1616 829 1757 870 Erythea
1773 830 1889 871 abegit.
1904 836 1919 855 ε
1928 829 1999 862 Diis
2014 830 2124 862 autem
2136 828 2188 861 da-

1156 885 1228 915 tum
1244 886 1314 917 erat
1341 886 1530 927 oraculum,
1547 886 1616 919 sore
1635 889 1673 919 ut
1692 888 1854 921 neminem
1877 889 2052 930 Gigantum
2068 887 2186 921 interfi-

1157 952 1231 977 cere
1247 946 1395 986 possent,
1411 945 1475 978 nisi
1488 945 1659 979 mortalem
1676 947 1837 988 quendam
1856 948 1966 980 virum
1983 948 2017 980 in
2038 947 2115 981 belli
2138 956 2188 980 so-

1157 1003 1305 1036 cietatem
1316 1006 1526 1044 arcesserent;
1533 1005 1606 1037 tum
1613 1013 1691 1038 vero
1698 1005 1772 1038 illos
1780 1005 1966 1039 interituros
1976 1014 2059 1039 esse.
2070 1011 2085 1031 ⁶
2092 1005 2189 1044 Quod

1157 1071 1261 1104 quum
1273 1065 1372 1095 Terra
1387 1063 1605 1105 cognovisset,
1621 1063 1775 1106 quaesivit
1790 1064 1936 1104 herbam,
1954 1066 1992 1098 ut
2007 1074 2049 1098 ne
2065 1074 2084 1097 a
2100 1073 2188 1097 mor-

1160 1121 1219 1153 tali
1232 1121 1367 1162 quidem
1380 1130 1479 1154 manu
1495 1124 1629 1164 possent
1652 1122 1804 1155 interfici.
1822 1125 1944 1155 Verum
1975 1123 2105 1164 Jupiter
2125 1125 2190 1155 Au-

1157 1190 1253 1222 rorae,
1267 1183 1382 1222 Lunae,
1395 1182 1475 1222 Soli,
1487 1191 1529 1215 ne
1543 1182 1652 1215 lucem
1671 1183 1812 1216 serentes
1826 1182 1993 1224 prodirent
2005 1182 2190 1224 imperavit,

1159 1241 1258 1281 atque
1275 1240 1345 1282 ipse
1358 1241 1697 1284 herhamssantequam
1712 1244 1811 1276 Terra
1823 1241 2006 1284 reperisset,
2022 1240 2191 1280 resecavit,

1160 1300 1381 1341 Minervaeque
1396 1301 1534 1334 consilio
1547 1301 1587 1334 ad
1599 1311 1718 1344 pugnae
1732 1302 1920 1335 societatem
1934 1300 2102 1333 arcessivit
2114 1302 2192 1333 Her-

1160 1357 1279 1395 culem,
1301 1362 1315 1382 ⁷
1332 1358 1388 1399 qui
1408 1359 1552 1400 primum
1575 1360 1799 1400 Halcyoneum
1810 1358 1927 1400 sagitta
1943 1357 2132 1390 confossum
2145 1357 2192 1389 in-

1160 1417 1291 1450 teremit
1302 1428 1311 1458 ;
1330 1418 1383 1450 hic
1399 1419 1511 1451 autem
1526 1427 1624 1460 super
1631 1421 1751 1451 terram
1763 1420 1945 1460 prostratus
1954 1417 2041 1450 vires
2050 1416 2168 1449 refovit
2181 1439 2191 1456 ,

1160 1476 1264 1509 donec
1280 1477 1457 1518 Hercules,
1477 1477 1696 1510 submonente
1715 1478 1862 1510 Minerva
1875 1500 1884 1518 ,
1903 1485 1945 1510 ex
1966 1476 2096 1509 Pallene
2117 1482 2193 1508 eum

1161 1534 1372 1568 abstraheret.
1390 1537 1474 1568 Tum
1491 1535 1624 1568 demum
1640 1535 1694 1568 ille
1708 1534 1811 1567 vitam
1826 1534 1944 1567 finivit.

1204 1596 1252 1637 (2)
1273 1595 1475 1637 Porphyrion
1493 1596 1602 1628 autem
1622 1603 1724 1637 quum
1745 1594 1778 1626 in
1794 1594 1965 1627 Herculem
1982 1594 2079 1634 atque
2093 1593 2194 1625 Junc-

1161 1669 1237 1693 nem
1253 1669 1402 1702 pugnans
1418 1660 1579 1702 impetum
1606 1660 1738 1699 faceret,
1765 1660 1895 1701 Jupiter
1909 1659 2050 1692 Junonis
2066 1658 2095 1690 ei
2111 1657 2194 1690 desi-

1162 1725 1290 1759 derium
1303 1726 1431 1767 injecit,
1446 1734 1522 1767 quae
1535 1749 1544 1765 ‚
1558 1725 1617 1758 ubi
1631 1725 1765 1767 peplum
1789 1724 1844 1757 ille
1860 1724 2055 1757 discinderet
2073 1731 2111 1755 ac
2125 1722 2195 1754 vim

1160 1789 1191 1822 ei
1203 1789 1301 1822 vellet
1314 1789 1449 1829 inferre,
1465 1789 1604 1821 advocat
1622 1789 1795 1821 auxilium.
1814 1790 1899 1821 Tum
1921 1787 1962 1820 ab
1985 1790 2068 1820 Jove
2087 1786 2194 1819 fulmi-

1161 1857 1276 1888 natum
1283 1855 1439 1888 Hercules
1453 1855 1578 1896 sagittis
1590 1854 1786 1887 intersectas
1800 1856 1852 1886 Ex
1866 1852 1999 1894 reliquis
2015 1851 2130 1894 Apollo
2145 1850 2196 1883 lae-

1161 1931 1242 1954 vum
1257 1921 1418 1963 Ephialtae
1434 1921 1580 1961 oculum,
1595 1920 1747 1953 dextrum
1763 1917 1921 1952 Hercules
1937 1917 2063 1959 sagittis
2079 1915 2196 1949 effode-

1161 1991 1250 2022 runt.
1273 1991 1435 2031 Eurytum
1460 1997 1540 2021 vero
1566 1988 1681 2030 thyrso
1696 1988 1862 2028 Dionysus
1888 1986 2019 2019 occidit.
2049 1985 2196 2025 Clytium

1164 2054 1206 2086 ab
1220 2056 1353 2095 Hecate,
1371 2053 1482 2096 potius
1494 2062 1573 2086 vero
1589 2062 1609 2086 a
1619 2053 1768 2086 Vulcano
1791 2052 1962 2085 candentis
1985 2050 2060 2084 ferri
2083 2048 2196 2091 globos

1160 2119 1327 2162 jaculante
1339 2118 1548 2151 interfectum
1567 2125 1639 2150 esse
1652 2116 1779 2149 dicunt.
1792 2119 1812 2154 ³,
1822 2114 1986 2147 Encelado
2003 2112 2139 2155 fugienti
2152 2111 2197 2145 Si·

1164 2183 1271 2216 ciliam
1289 2182 1432 2215 insulam
1447 2181 1559 2223 injecit
1576 2181 1738 2217 Minerva,
1755 2188 1831 2220 quae
1839 2178 1953 2211 eadem
1966 2176 2048 2218 pelle
2057 2175 2197 2209 Pallanti

1165 2248 1310 2281 detracta
1324 2247 1359 2279 in
1380 2256 1490 2289 pugna
1502 2254 1601 2278 suum
1615 2244 1679 2278 sibi
1692 2252 1811 2286 corpus
1828 2242 2029 2284 contegebat.
2045 2246 2059 2266 ⁴
2073 2244 2197 2275 Verum

1165 2316 1340 2359 Polybotes
1354 2339 1364 2357 ‚
1381 2324 1481 2357 quem
1494 2324 1551 2356 per
1565 2322 1655 2347 mare
1669 2315 1840 2355 Neptunus
1853 2310 2109 2354 persequebatur
2125 2334 2134 2350 ,
2164 2309 2198 2340 in

1166 2386 1237 2418 con
1251 2382 1392 2415 insulam
1406 2380 1573 2423 pervenit,
1587 2379 1644 2412 ubi
1658 2378 1739 2411 deus
1752 2377 1921 2410 revulsum
1939 2376 1980 2408 ab
1995 2384 2032 2408 ea
2047 2382 2196 2416 promon-

1166 2449 1300 2490 torium,
1309 2447 1397 2490 quod
1409 2447 1563 2488 Nisyrum
1576 2444 1748 2487 appellant,
1757 2443 1791 2475 in
1804 2452 1880 2475 eum
1892 2442 2039 2482 conjecit.
2049 2445 2063 2464 ὃ
2074 2441 2198 2471 Mercu-

1167 2513 1235 2546 rius
1251 2512 1328 2546 Orci
1348 2511 1438 2554 galea
1458 2512 1564 2544 tectus
1591 2510 1626 2542 in
1646 2517 1756 2551 pugna
1778 2505 1940 2540 interfecit
1965 2502 2175 2545 Hippolytum
2187 2524 2197 2541 ‚

1167 2579 1355 2613 Grationem
1367 2578 1407 2620 (Ρ)
1426 2577 1546 2617 Diana,
1564 2577 1675 2608 Parcae
1699 2573 1833 2615 Agrium
1852 2572 1885 2604 et
1905 2570 2073 2603 Thoonem
2097 2567 2199 2599 clavis

1168 2645 1267 2678 aeneis
1290 2646 1482 2686 pugnantes
1507 2641 1662 2682 Reliquos
1690 2638 1817 2679 Jupiter
1845 2635 1980 2668 fulmine
2003 2631 2198 2675 prostravit,

1169 2718 1252 2751 quos
1264 2708 1381 2741 deinde
1393 2715 1506 2739 omnes
1520 2704 1675 2738 Hercules
1691 2700 1902 2735 moribundos
1916 2697 2039 2740 sagittis
2054 2696 2198 2730 confixit.

1213 2774 1263 2815 (3)
1273 2773 1334 2806 Sed
1351 2774 1426 2815 post
1444 2770 1621 2804 debellatos
1639 2777 1658 2801 a
1673 2766 1799 2809 superis
1815 2765 1968 2806 Gigantes
1983 2764 2081 2795 Terra
2095 2761 2201 2794 multo

1170 2833 1274 2874 magis
1289 2832 1455 2873 indignata
1470 2838 1546 2862 cum
1562 2830 1695 2861 Tartaro
1708 2823 1907 2864 concumbit,
1926 2832 1967 2855 cx
1985 2830 2051 2864 quo
2073 2821 2107 2853 in
2125 2821 2201 2855 Gili-

1171 2893 1221 2925 cia
1231 2892 1317 2934 parit
1331 2891 1534 2933 Typhonem,
1550 2887 1628 2929 ⁹qui
1642 2886 1777 2918 ferinam
1789 2884 1946 2929 humanae
1958 2881 2096 2914 mixtam
2105 2880 2201 2913 habe-

1171 2952 1228 2984 bat
1250 2953 1400 2983 naturam
1413 2971 1423 2989 ‚
1441 2948 1540 2987 atque
1563 2943 1706 2986 corporis
1732 2941 1884 2974 vastitate
1912 2939 2092 2980 roboreque
2118 2946 2201 2979 quos

1173 3013 1272 3043 Terra
1286 3007 1430 3041 ediderat
1445 3013 1560 3038 omnes
1576 3001 1796 3035 antecellebat.
1813 2998 1943 3033 Etenim
1960 3006 2092 3031 crurum
2107 2998 2203 3029 tenus

1173 3070 1317 3102 humana
1334 3068 1404 3099 erat
1427 3065 1595 3097 immensae
1619 3060 1850 3102 magnitudinis
1871 3058 1997 3100 forma,
2023 3058 2062 3091 ut
2085 3058 2204 3099 quovis

1174 3131 1287 3162 monte
1302 3129 1387 3160 esset
1397 3126 1491 3158 altior
1503 3136 1512 3164 ;
1523 3131 1538 3151 ³
1550 3123 1648 3165 caput
1660 3131 1738 3155 vero
1751 3129 1974 3163 saepenumero
1989 3120 2076 3152 astra
2086 3117 2204 3159 pertin-

1174 3191 1280 3230 geret3
1297 3193 1453 3218 manuum
1469 3184 1610 3225 denique
1621 3182 1722 3216 altera
1733 3180 1775 3214 ad
1802 3179 2003 3213 occidentem
2022 3187 2145 3219 usque,
2163 3176 2205 3209 al-

1175 3251 1243 3281 tera
1255 3246 1295 3279 ad
1312 3246 1467 3278 orientem
1480 3241 1679 3286 pertinebat3
1698 3241 1752 3284 [ex
1765 3240 1816 3273 his
1832 3242 1962 3273 centum
1977 3237 2206 3280 prominebant

1176 3305 1281 3346 capita
1297 3300 1502 3342 draconum].
1517 3305 1530 3324 ⁴
1543 3300 1605 3333 Sed
1621 3300 1698 3332 inde
1712 3308 1732 3332 a
1743 3298 1893 3332 cruribus
1909 3298 2053 3339 ingentes
2069 3294 2207 3327 habebat

1178 3364 1281 3405 spiras
1311 3360 1495 3402 viperarum
1511 3384 1520 3400 ,
1549 3367 1689 3400 quarum
1703 3356 1870 3391 volumina
1893 3355 1934 3389 ad
1962 3355 2071 3397 ipsum
2103 3361 2207 3393 usque
