2294 3704
731 132 798 171 DE
826 131 1104 171 ATTHIDUM
1133 130 1513 173 SCRIPTORIBUS.

398 219 768 262 PHANODEMUS.

75 334 78 337 ,
119 299 178 335 De
195 303 306 334 aetate
322 307 400 346 qua
422 292 692 332 Phanodemus
710 288 869 336 vixerit,
887 287 982 325 nihil
1000 288 1095 325 certi

67 356 183 396 statui
198 363 325 407 potest
336 384 347 404 ‚
361 353 516 391 videtur
530 359 656 389 tamen
670 362 748 386 non
763 348 885 385 multo
906 355 995 398 post
1013 347 1095 385 Cli-

67 416 223 456 demum
244 414 429 452 floruisse.
450 414 624 461 Namque
641 408 942 458 Theopompum
964 414 1097 443 contra

67 489 156 514 eum
182 474 398 525 disputasse
423 470 604 521 colligere
630 468 755 520 possis
776 480 826 504 ex
849 466 1005 513 Proclo,
1029 464 1097 502 ubi

67 535 150 572 haec
165 549 174 571 :
191 531 284 576 Τοὺς
301 530 339 570 δὲ
353 529 552 578 Ἀθηναίους
569 526 809 574 Καλλισθένης
822 523 885 576 μὲν
899 524 957 563 καὶ
972 523 1097 564 Φανό-

68 593 177 643 δημος
194 589 349 644 πατέρας
370 591 439 627 τῶν
459 589 599 627 Σαϊτῶν
612 589 791 639 ἱστοροῦσι
809 583 989 635 γενέσθαι·
1003 582 1095 622 Θεό-

67 665 207 702 πομπος
245 648 282 688 δὲ
320 648 494 687 ἀνάπαλιν
525 645 693 689 ἀποίκους
723 646 837 683 αὐτῶν
871 637 959 682 εἶναί
992 657 1097 696 φησιν

66 714 104 765 (v
129 713 177 750 sr.
200 711 252 763 7).
273 714 396 749 Porro
414 709 484 747 ubi
505 708 553 746 de
579 706 827 757 Areopagitis
856 705 962 743 testis
984 702 1099 741 adhi-

67 772 183 810 betur
210 784 286 808 una
317 783 408 808 cum
436 767 693 815 Philochoro,
725 766 816 804 huic
849 762 1100 815 anteponitur

67 830 117 884 (v.
139 832 186 869 fr.
213 829 288 882 15).

121 890 246 928 Patria
275 885 516 927 Phanodemi
545 883 742 934 Hesychio
775 882 826 934 (v.
853 882 901 920 fr.
932 880 998 933 23)
1022 879 1100 917 dici

66 949 221 989 videtur
230 951 452 987 Tarentum.
468 945 544 984 Sed
559 944 658 982 bene
669 950 800 980 monet
814 941 988 991 Siebelis,
998 953 1100 986 eum,

67 1009 136 1061 qui
164 1016 272 1046 tanto
303 1005 434 1044 studio
462 1005 626 1042 Atticam
658 1001 828 1040 celebret
868 1013 1100 1050 omnemque

67 1068 230 1123 gloriam
253 1067 295 1105 in
318 1078 403 1103 eam
425 1064 602 1102 conferre
631 1062 828 1101 annitatur
851 1060 916 1112 (cf.
936 1061 981 1098 fr.
998 1074 1034 1108 7,
1053 1060 1075 1097 8
1088 1089 1098 1107 ,

68 1143 116 1180 9,
150 1142 210 1175 17,
236 1125 316 1177 20),
346 1138 419 1176 pro
448 1124 578 1162 Attico
607 1121 831 1160 habendum
863 1133 964 1168 esse,
990 1127 1029 1157 et
1059 1120 1100 1156 in

68 1187 253 1238 Hesychii
266 1186 351 1223 loco
364 1184 536 1222 editores
549 1189 653 1221 recte
665 1181 865 1231 scripsisse
878 1181 1099 1232 Ταρεντῖνος,

69 1255 112 1285 ut
139 1246 244 1284 solus
272 1243 446 1282 Rhintho
466 1242 619 1279 dicatur
648 1239 893 1278 Tarentinus.
923 1241 1101 1276 Fortasse

69 1314 181 1345 natus
209 1311 291 1342 erat
315 1303 356 1342 in
385 1305 477 1349 100,
503 1314 581 1338 una
606 1313 656 1337 ex
683 1297 915 1349 Cycladibus
939 1295 1100 1343 insulis3

68 1377 157 1416 quae
174 1362 345 1413 suspicio
371 1360 616 1399 subnascitur
641 1372 688 1396 ex
718 1358 806 1395 loco
829 1356 964 1407 Steph.
996 1358 1073 1405 Byz
1093 1369 1100 1392 :

69 1422 178 1472 Ἰκός,
198 1425 302 1469 νῆσος
320 1422 390 1460 τῶν
414 1417 610 1458 Κυκλάδων
635 1415 813 1470 προσεχὴς
837 1418 881 1468 τῇ
904 1413 1038 1467 Εὐὸοία
1055 1429 1064 1437 ·
1083 1415 1102 1451 ὁ

69 1480 244 1530 νησιώτης
261 1479 369 1524 Ἴκιος
383 1494 392 1504 ·
411 1477 542 1532 ἔγραψε
557 1476 595 1515 δὲ
614 1475 830 1527 Φανόδημος
850 1473 1000 1514 Ἰκιακά.

505 1600 666 1639 ΒΕΜΟ.

123 1679 342 1714 Demonem
363 1670 534 1710 Atthidis
566 1670 796 1722 scriptorem
819 1667 979 1707 Siebelis
1001 1666 1102 1705 bene

70 1734 246 1773 distinxit
257 1746 279 1771 a
292 1736 467 1771 Demone
482 1728 667 1780 Sicyonio
678 1757 689 1778 ,
706 1727 943 1779 philosopho
960 1727 1102 1777 Pytha-

72 1795 204 1846 gorico
224 1792 302 1845 (cui
317 1789 549 1830 vindicanda
566 1788 681 1827 nobis
702 1801 783 1826 esse
803 1787 998 1835 videntur,
1016 1800 1102 1838 quae

72 1853 176 1905 apud
197 1851 323 1891 Schol.
343 1850 392 1889 ad
412 1849 570 1887 Lucian.
589 1851 802 1886 lcaromen.
824 1860 870 1896 19
891 1847 1100 1898 leguntur),

73 1921 111 1951 et
131 1912 179 1950 ab
202 1912 304 1957 aliis,
330 1909 471 1961 quibus
493 1921 633 1946 nomen
657 1915 715 1944 est
746 1910 881 1943 Damo.
905 1909 1011 1943 Inter
1031 1907 1101 1944 hos

72 1975 198 2010 Damo
219 1969 479 2017 Atheniensis,
504 1967 553 2006 ab
575 1967 761 2006 Athenaeo
782 1968 891 2014 XIV,
911 1966 946 2013 6,
965 1979 1002 2016 p.
1024 1967 1100 2004 628

72 2030 263 2078 laudatus,
281 2029 383 2067 idem
401 2037 456 2066 est
474 2040 560 2065 cum
575 2039 635 2071 eo,
653 2025 700 2062 de
716 2038 794 2075 quo
808 2025 1033 2063 Plutarchus
1045 2028 1102 2062 De

73 2090 219 2128 musica
242 2103 281 2140 p.
309 2089 408 2126 1136
432 2087 531 2134 Frf.‚
557 2085 692 2125 Pericl.
718 2098 751 2122 c.
778 2090 799 2129 4
834 2093 873 2121 et
900 2087 1032 2134 Nepos
1061 2085 1101 2122 in

73 2147 343 2201 Epaminonda
356 2161 390 2185 c.
405 2160 426 2183 α
441 2147 675 2198 loquuntur3
693 2147 820 2182 Damo
834 2151 963 2181 autem
980 2146 1102 2194 Cyre-

73 2221 200 2257 naeus,
229 2207 297 2259 qui
324 2205 532 2244 secundum
563 2205 727 2255 Diogen.
754 2207 880 2243 Laert.
909 2205 949 2250 I,
978 2209 1028 2247 [00
1055 2202 1102 2240 de

75 2267 319 2319 philosophis
340 2265 562 2316 scripserat,
587 2264 690 2302 idem
722 2276 803 2301 esse
823 2262 1017 2314 putandus
1044 2271 1102 2300 est

75 2340 164 2365 cum
183 2339 251 2375 eo,
270 2338 387 2376 quem
401 2324 545 2362 Plinius
564 2325 611 2361 H.
626 2325 672 2360 N.
690 2323 781 2370 vll,
801 2336 821 2359 2
844 2330 979 2360 testem
992 2321 1103 2358 adhi—

75 2386 143 2425 bet
165 2386 215 2423 de
240 2383 497 2422 Pharnacibus
524 2383 563 2420 in
582 2381 793 2432 AEthiopia.
821 2384 947 2418 Damo
969 2381 1034 2431 qui
1054 2382 1102 2418 de

77 2444 261 2494 Byzantio
281 2441 496 2493 scripserit,
515 2447 753 2478 memoratur
770 2438 818 2476 ab
839 2438 1020 2476 Athenaeo
1039 2442 1079 2476 X
1092 2468 1102 2486 ‚

80 2517 148 2552 12,
166 2516 204 2554 p.
225 2508 321 2550 442,
339 2509 378 2538 et
396 2499 444 2538 ab
463 2500 615 2538 AEliano
630 2502 676 2537 V.
692 2501 740 2536 H.
758 2500 878 2545 XIII,
902 2503 959 2542 14.
977 2500 1103 2545 Quar-

77 2570 140 2600 tus
152 2561 320 2612 denique
327 2564 452 2598 Damo
466 2558 690 2609 Syracusius
701 2554 968 2595 dieitur'fuisse
981 2557 1102 2607 philo-

77 2621 223 2672 sophus
233 2619 510 2671 Pythagoricus
527 2618 577 2668 (v.
590 2617 704 2656 Fabr.
718 2616 815 2654 Bibl.
827 2621 893 2655 Gr.
903 2619 935 2662 I,
951 2629 986 2666 p.
997 2617 1045 2661 84
1057 2631 1066 2653 ι
1078 2616 1101 2666 ).

129 2689 342 2724 Demonem
370 2692 546 2722 nostrum
578 2683 639 2720 vel
671 2682 805 2720 eadem
818 2711 827 2729 ‚
861 2696 936 2733 qua
966 2682 1099 2719 Philo-

78 2745 217 2783 chorus
235 2745 354 2792 vixit,
372 2751 504 2788 aetate,
525 2742 583 2781 vel
598 2744 678 2793 jam
698 2750 785 2779 ante
803 2755 891 2779 eum
911 2741 1099 2790 floruisse,

78 2804 168 2842 inde
190 2803 370 2850 efficitur,
390 2801 494 2853 quod
511 2801 765 2839 Philochorus
784 2800 974 2838 Atthidem
993 2814 1098 2839 suam

77 2863 232 2914 scripsit
244 2871 378 2900 contra
392 2865 616 2899 Demonem.
630 2863 715 2898 Jam
729 2868 815 2897 ante
828 2859 1099 2897 Philochorum

78 2934 163 2959 eum
185 2922 362 2959 floruisse
380 2920 560 2958 affirmari
580 2928 730 2970 posset,
752 2919 783 2956 si
802 2918 987 2956 Timoclis
1012 2932 1101 2956 ver-

79 2993 141 3018 sus
155 2980 259 3032 apud
274 2980 496 3018 Athenaeum
513 2982 642 3026 (VIII,
663 2979 697 3025 5,
716 2992 755 3029 p.
774 2977 885 3029 341),
903 2979 942 3015 in
960 2977 1100 3028 quibus

78 3039 124 3077 de
143 3048 295 3077 oratore
314 3039 363 3076 ab
378 3039 548 3089 Harpalo
568 3038 735 3088 pecunia
758 3047 942 3088 corrupto
962 3037 1099 3088 agitur,

79 3098 126 3136 ad
146 3101 357 3136 Demonem
376 3097 601 3135 historicum
618 3097 761 3134 referre
777 3097 920 3134 liceret.

130 3159 188 3195 De
203 3157 330 3209 patria
350 3156 531 3195 Demonis
551 3156 647 3193 nihil
666 3163 824 3194 constat.

514 3238 663 3248 -—-—-—

444 3280 725 3321 ANDROTIO.

130 3343 317 3386 Androtio
345 3343 506 3382 Atthidis
537 3353 671 3383 auctor
692 3359 817 3396 neque
838 3358 922 3382 cum
945 3344 1098 3382 rhetore

2030 146 2189 175 LXXXIII

1155 219 1270 270 hujus
1301 222 1469 260 nominis
1497 234 1623 272 neque
1644 234 1731 260 cum
1751 221 1992 259 Androtione
2005 250 2014 268 ‚
2046 224 2113 272 qui
2142 224 2189 261 de

1155 279 1391 328 agricultura
1401 280 1574 331 scripsit,
1587 280 1881 318 confundendus
1889 289 1959 320 est.
1971 283 2030 319 De
2038 282 2190 320 Andro-

1155 335 1260 373 tione
1271 337 1426 376 rhetore
1435 338 1572 377 Suidas
1582 338 1664 376 haec
1674 339 1808 378 habet:
1820 338 2191 392 Ἀνδροτίων,Ἄνδρω-

1155 408 1228 440 νος,
1244 393 1439 445 Ἀθηναῖος,
1459 397 1574 450 ῥήτωρ
1591 397 1650 435 καὶ
1668 397 1879 449 δημαγωγὸς
1891 428 1901 447 ,
1922 397 2082 449 μαθητὴς
2098 399 2191 438 Ἰσο-

1156 451 1312 505 κράτους.
1328 456 1460 493 Schol.
1482 459 1713 508 Hermogen.
1732 458 1779 495 de
1794 458 1928 496 eodem
1946 474 1953 495 :
1971 457 2190 512 Ἰσοκράτους

1158 509 1318 561 μαθητὴν
1345 512 1505 564 λέγουσιν
1535 508 1624 553 εἶναι
1651 514 1710 553 τὸν
1739 515 1988 569 Ἀνδροτίωνα,
2006 516 2067 555 καὶ
2083 511 2124 564 ἦν
2145 517 2190 560 ὥς

1157 584 1261 623 φησιν
1279 572 1297 610 ὁ
1315 570 1432 624 ῥήτωρ
1450 573 1610 624 τεχνίτης
1626 579 1684 612 τοῦ
1699 574 1813 627 λέγειν
1827 591 1835 600 ·
1853 576 1894 615 in
1911 574 2013 630 ἑτέρᾳ
2029 576 2191 616 ὑποθέσει

1157 629 1428 667 Demosthenis
1438 632 1622 669 orationis
1634 633 1671 670 in
1683 634 1964 673 Androtionem
1975 635 2117 674 dicitur
2130 637 2191 674 hic

1157 686 1356 738 προστάτης
1375 690 1436 734 τῆς
1463 690 1588 739 βουλῆς
1610 691 1649 728 ἐκ
1667 692 1906 731 πεντακοσίων
1923 693 2189 745 συνισταμένης.

1157 745 1262 784 Vixit
1279 754 1391 784 aetate
1411 748 1684 786 Demosthenis
1697 779 1707 797 ,
1728 752 1795 800 qui
1815 753 2030 791 orationem
2057 762 2191 793 contra

1158 818 1249 843 eum
1269 805 1408 843 habuit
1432 807 1493 845 Ol.
1520 808 1612 855 106,
1649 821 1683 845 2.
1706 810 1761 848 Cf.
1787 813 2070 852 Westermann.
2092 814 2191 854 Hist.

1159 864 1357 916 eloquent.
1376 870 1442 904 Gr.
1460 866 1482 915 S
1502 867 1565 913 54,
1593 867 1654 904 25.
1678 870 1790 906 Hunc
1806 870 2089 910 Androtionem
2106 876 2194 911 Jon—

1160 925 1238 961 sius
1252 927 1312 962 De
1329 924 1455 975 Scrip.
1466 925 1562 962 Hist.
1578 925 1674 963 Phil.
1685 929 1736 973 II,
1751 940 1774 975 9
1790 936 1828 964 et
1838 931 2028 968 Meursius
2042 931 2080 968 in
2094 931 2191 970 Bibl.

1161 983 1275 1020 Attio.
1297 982 1346 1020 ab
1365 983 1612 1020 Androtione
1629 983 1816 1023 historico
1837 999 1914 1024 non
1930 988 2087 1027 differre
2102 1005 2194 1028 con-

1161 1041 1348 1090 tendunt,
1361 1042 1477 1079 nullis
1496 1042 1554 1079 illi
1571 1042 1644 1079 nisi
1673 1045 1908 1093 argumentis
1925 1061 1932 1083 :
1948 1056 2082 1085 contra
2098 1063 2194 1099 quos

1159 1100 1322 1138 Siebelis
1351 1101 1519 1149 monuit,
1546 1114 1672 1152 neque
1692 1102 1857 1140 Atthidis
1880 1104 1929 1141 ab
1952 1106 2193 1146 Androtionc

1160 1160 1385 1210 compositae
1407 1160 1620 1211 fragmenta
1638 1161 1782 1208 testari,
1802 1175 1928 1212 neque
1948 1165 2193 1214 scriptorum,

1161 1218 1228 1268 qui
1251 1217 1334 1268 ejus
1360 1219 1581 1256 testimonio
1610 1227 1795 1267 utantur,
1819 1221 1935 1258 ullum
1956 1222 2193 1272 significare,

1160 1270 1274 1322 hujus
1303 1272 1433 1322 operis
1471 1280 1670 1310 auctorem
1708 1273 1817 1310 illum
1853 1282 2045 1313 oratorem
2067 1306 2078 1324 ,
2122 1277 2193 1314 de-

1160 1345 1390 1383 magogum,
1426 1333 1611 1370 artificem
1646 1333 1825 1381 dicendi,
1863 1338 2041 1374 Isocratis
2077 1337 2195 1376 disci-

1162 1392 1294 1443 pulum
1311 1400 1349 1429 et
1366 1400 1520 1429 senatus
1535 1392 1833 1443 quingentorum
1848 1395 2050 1445 praesidem
2067 1396 2195 1443 fuisse,

1161 1458 1295 1488 contra
1317 1463 1430 1501 quein
1449 1451 1729 1489 Demosthenes
1747 1451 1899 1490 dixerit.
1916 1456 1960 1490 In
1977 1453 2036 1491 his
2054 1454 2094 1491 id
2113 1455 2198 1505 qui-

1161 1508 1248 1546 dem
1264 1509 1372 1547 nullo
1386 1509 1505 1547 modo
1520 1510 1650 1559 urgeri
1667 1509 1801 1557 debet,
1820 1511 1925 1562 quod
1943 1513 2196 1552 Androtionis

1162 1567 1374 1617 fragmenta
1391 1581 1518 1619 neque
1537 1568 1692 1616 dicendi
1707 1569 1894 1607 artificem
1913 1584 2039 1621 neque
2059 1572 2195 1611 dema-

1161 1639 1302 1676 gogum
1338 1626 1508 1677 prodant
1527 1642 1534 1663 :
1555 1636 1645 1665 sunt
1679 1629 1781 1665 enim
1815 1642 1860 1665 ea
1892 1630 2126 1680 paucissima
2158 1641 2196 1670 et

1161 1684 1401 1732 brevissima,
1425 1693 1541 1736 atque
1575 1686 1615 1723 in
1647 1687 1752 1724 nullo
1790 1687 1870 1725 sere
1904 1688 1990 1739 ipsa
2025 1692 2196 1728 auctoris

1160 1743 1280 1781 verba
1299 1744 1539 1792 afferuntur3
1560 1745 1680 1783 immo
1695 1759 1742 1782 ex
1756 1746 1890 1797 fragm.
1904 1754 1953 1797 49
1967 1750 2197 1789 concludere

1160 1803 1285 1854 possis
1299 1832 1310 1849 ,
1335 1803 1618 1842 Androtionem
1638 1818 1698 1842 res
1714 1807 1882 1844 oratorie
1902 1815 2095 1846 tractasse.
2115 1812 2197 1847 Ma-

1155 1862 1256 1913 joris
1274 1863 1459 1900 momenti
1480 1871 1558 1911 est,
1580 1863 1685 1914 qnod
1705 1867 1863 1904 Tzetzes
1883 1866 1946 1917 (fr.
1963 1866 2028 1918 30)
2046 1868 2196 1906 Andro-

1163 1923 1306 1959 tionem
1325 1930 1497 1959 nostrum
1520 1923 1690 1974 appellat
1709 1922 1768 1962 τὸν
1794 1924 1981 1978 ἱστορικὸν,
2004 1940 2081 1976 quo
2106 1941 2192 1965 eum

1160 1994 1182 2018 a
1198 1981 1354 2018 rhetore
1373 1981 1612 2033 distinguere
1632 1982 1798 2020 videtur.
1829 1984 1905 2022 Sed
1926 1986 2194 2036 gravissimum

1161 2049 1228 2087 est,
1244 2040 1349 2091 quod
1366 2053 1491 2090 neque
1508 2041 1646 2079 Suidas
1659 2055 1784 2093 neque
1800 2044 1926 2082 Schol.
1945 2048 2193 2097 Hermogen.,

1160 2100 1228 2152 qui
1256 2100 1304 2138 de
1325 2099 1578 2138 Androtionis
1597 2101 1762 2138 rhetoris
1781 2102 1862 2140 vita
1879 2113 1997 2155 agunt
2010 2114 2048 2143 et
2063 2120 2138 2156 qua
2155 2108 2194 2145 in

1160 2173 1202 2197 re
1238 2160 1460 2198 excelluerit
1492 2160 1669 2208 tradunt,
1700 2175 1789 2200 eum
1821 2162 2050 2202 historicum
2077 2167 2194 2206 fuisse

1161 2219 1307 2257 dicunt.

1213 2279 1321 2316 Alter
1335 2278 1546 2326 Androtio‚
1573 2279 1640 2329 qui
1668 2279 1715 2316 de
1733 2280 1965 2330 agricultura
1983 2283 2136 2334 scripsit
2156 2293 2194 2322 et

1160 2345 1248 2374 ante
1276 2337 1587 2387 Theophrastum
1617 2338 1659 2388 (a
1686 2352 1763 2389 quo
1790 2339 1963 2377 laudatur
1983 2341 2021 2378 in
2048 2342 2190 2380 liistor.

1161 2396 1281 2434 Plant.
1302 2399 1362 2444 11,
1392 2396 1415 2433 8
1429 2425 1439 2442 ‚
1468 2405 1506 2434 et
1523 2400 1582 2434 De
1604 2400 1715 2435 Caus.
1736 2399 1859 2436 Plant.
1877 2402 1954 2445 ΙΙΙ,
1975 2399 2047 2449 15)
2068 2401 2189 2448 vixit,

1160 2469 1279 2505 quum
1311 2455 1362 2492 ob
1392 2456 1581 2493 diversam
1620 2456 1834 2495 studiorum
1852 2458 2039 2495 rationem
2060 2459 2108 2496 ab
2124 2459 2188 2496 hi-

1161 2515 1303 2552 storico
1321 2515 1611 2566 distinguendus
1631 2524 1688 2554 est
1700 2545 1710 2562 ,
1733 2525 1813 2554 tum
1833 2530 1926 2554 vero
1946 2518 2051 2567 quod
2068 2521 2188 2556 Varro

1160 2581 1234 2632 (De
1249 2585 1292 2620 R.
1309 2585 1353 2619 R.
1368 2585 1399 2629 I,
1422 2580 1457 2627 1)
1474 2589 1512 2619 et
1527 2582 1737 2620 Columella
1753 2584 1799 2633 (1,
1822 2583 1853 2632 1)
1869 2583 2081 2629 declarant,
2099 2597 2187 2622 eum

1159 2654 1207 2678 ex
1223 2641 1269 2678 iis
1285 2654 1389 2687 esse,
1409 2654 1575 2691 quornm
1596 2655 1682 2691 quae
1700 2642 1823 2692 patria
1841 2642 1967 2689 suerit,
1990 2655 2066 2679 non
2083 2656 2189 2682 acce-

1160 2700 1288 2751 perint
1316 2716 1324 2737 :
1356 2700 1638 2738 Androtionem
1670 2701 1772 2738 enim
1807 2700 2030 2738 historicum
2069 2702 2187 2740 fnisse

1159 2759 1425 2797 Atheniensem
1443 2759 1522 2797 fere
1539 2768 1688 2796 certum
1705 2767 1761 2796 est
1778 2767 1815 2796 et
1831 2759 2005 2808 ignotum
2025 2772 2108 2797 esse
2125 2761 2184 2799 vix

1159 2819 1298 2870 potuit.

1211 2877 1271 2915 Ad
1296 2886 1470 2927 tempus,
1490 2890 1568 2926 quo
1589 2876 1728 2913 vixerit
1753 2875 1940 2912 Androtio
1959 2875 2162 2914 historicus
2175 2908 2184 2926 ‚

1158 2949 1278 2986 quum
1308 2935 1452 2972 nullum
1482 2934 1593 2971 nobis
1621 2933 1823 2970 subveniat
1848 2941 1995 2971 certum
2013 2936 2186 2973 testimo-

1158 2995 1292 3041 nium,
1323 2992 1575 3030 adhibeamus
1614 2990 1806 3029 Plutarchi
1836 2991 1964 3029 locum
1998 2996 2056 3030 De
2086 2995 2183 3033 Exil.

1161 3055 1201 3104 (t.
1221 3057 1277 3100 ΙΙ,
1309 3066 1347 3103 p.
1370 3052 1459 3096 605,
1480 3051 1554 3100 C‚)
1583 3065 1591 3086 ε
1626 3049 1694 3088 Καὶ
1724 3047 1792 3103 γὰρ
1821 3055 1893 3093 τοῖς
1925 3051 2087 3095 παλαιοῖς
2118 3054 2184 3105 (ὡς

1157 3111 1282 3161 ἔοικεν)
1299 3112 1334 3148 αἱ
1358 3113 1486 3160 μοῦσαι
1509 3107 1554 3146 τὰ
1575 3108 1748 3147 κάλλιστα
1769 3111 1838 3147 τῶν
1854 3109 2108 3160 συνταγμάτων
2124 3112 2182 3150 καὶ

1159 3168 1382 3219 δοκιμώτατα
1405 3165 1516 3220 φυγὴν
1547 3166 1718 3205 λαὸοῧσαι
1748 3166 1932 3220 συνεργὸν,
1962 3167 2180 3208 ἐπετέλεσαν.

1157 3225 1375 3273 Θουκυδίδης
1405 3224 1583 3272 Ἀθηναῖος
1618 3225 1812 3280 συνέγραψε
1843 3225 1900 3264 τὸν
1932 3225 2084 3278 πόλεμον
2112 3230 2181 3266 τῶν

1162 3283 1442 3331 Πελοπονησίων
1482 3283 1541 3322 καὶ
1562 3284 1751 3331 Ἀθηναίων
1782 3286 1816 3323 ἐν
1848 3284 1974 3339 Θρᾴκῃ
2006 3286 2087 3337 περὶ
2117 3286 2180 3334 τὴν

1156 3341 1325 3389 Σκαπτὴν
1347 3341 1431 3390 ὕλην
1446 3358 1454 3366 ·
1474 3343 1639 3394 Ξενοφῶν
1656 3345 1689 3383 ἓν
1708 3345 1916 3386 Σκιλλοῦντι
1934 3346 1995 3390 τῆς
2014 3344 2155 3389 Ἠλείας
2167 3361 2176 3370 ·

1998 3413 2034 3452 s.
