2320 3684
206 165 2293 266 QQQQQQQQQQQQQQ&

485 351 1990 520 APOLLODORI

869 631 1609 718 FRAGMENTA.

1114 811 1366 828 ψ

542 918 665 958 ΠΕΡΙ
692 920 846 960 ΘΕΩΝ.

229 981 390 1020 Photius
411 982 507 1020 Cod.
527 983 672 1022 CLXI:
691 985 846 1036 Sopatri
861 984 1032 1037 Ἐκλογαὶ
1051 986 1209 1040 διάφοροι

175 1041 211 1078 ἐν
247 1040 394 1088 βιὸλίοὶς
419 1040 638 1080 δυοκαίδεκα.
661 1072 683 1081 ..
688 1043 946 1083 .Συνείλεκται
974 1044 1010 1083 δὲ
1040 1046 1135 1098 αὖτῳ
1168 1045 1209 1084 τὸ

176 1098 348 1151 βιὸλίον’
333 1115 373 1138 εκ
391 1101 531 1138 πολλῶν
554 1099 615 1138 καὶ
636 1100 808 1155 διαφόρων
831 1104 992 1156 ἱστοριῶν
1017 1102 1076 1141 καὶ
1095 1118 1210 1157 γραμ-

175 1157 309 1208 μάτων.
322 1158 377 1198 Το
390 1157 454 1210 μὲν
469 1162 526 1197 οὖν
535 1161 673 1213 πρῶτον
685 1161 764 1215 περὶ
778 1163 848 1200 τῶν
860 1161 944 1215 παρ’
962 1161 1121 1209 εἘλλησι
1137 1178 1208 1213 μυ·-

176 1217 439 1269 θολογουμένων
472 1220 557 1257 θεῶν
594 1219 843 1271 διαλαμὸάνει·
873 1220 892 1259 ὃ
925 1220 1142 1260 συνείλεκται
1170 1224 1210 1260 ἐκ

173 1277 243 1313 τῶν
264 1274 524 1328 Ἀπολλοδώρου
548 1276 628 1330 περὶ
652 1279 737 1316 θεῶν
765 1277 799 1328 γ’
826 1277 943 1329 λόγου.
965 1278 1144 1325 Ἀθηναῖος
1171 1277 1208 1317 δὲ

173 1336 192 1372 ὃ
206 1332 481 1387 Ἀπολλόδωρος,
497 1334 555 1373 καὶ
572 1335 819 1387 γραμματικὸς
832 1335 897 1384 τὴν
916 1335 1056 1389 τέχνην.
1073 1338 1152 1375 Οὔκ
1168 1338 1208 1375 ἐκ

171 1395 233 1432 τοῦ
260 1392 378 1446 τρίτου
417 1392 454 1431 δὲ
490 1393 593 1445 μόνον
637 1397 659 1441 ἡ
681 1394 824 1446 διαλογὴ
858 1396 955 1449 αὐτῷ
993 1395 1206 1445 πεποίηται,

174 1450 265 1490 ἀλλὰ
295 1450 336 1498 δὴ
361 1450 420 1489 καὶ
449 1452 489 1489 ἐκ
521 1451 551 1490 δ’
576 1451 635 1490 καὶ
666 1451 694 1490 ε’
719 1452 779 1490 καὶ
809 1451 852 1502 θ’,
879 1468 939 1491 του
963 1469 1002 1492 τε
1033 1452 1066 1492 α’
1100 1454 1207 1492 πάλιν

171 1509 285 1571 (fort.
295 1508 356 1561 ια’)
375 1509 435 1548 καὶ
453 1510 496 1548 ιδ’
519 1509 579 1548 καὶ
602 1511 639 1549 ιε’
656 1527 695 1549 τε
708 1527 768 1550 και
792 1528 826 1557 ις
832 1509 920 1550 ’καὶ
935 1511 1043 1566 μέχρι
1058 1527 1118 1551 του
1140 1511 1206 1551 κδ’.

172 1569 237 1607 Ἐν
260 1572 282 1620 ᾐ
307 1570 460 1621 συλλογῇ
481 1568 526 1607 τά
550 1584 589 1607 τε
614 1572 769 1621 μυθικῶς
792 1571 872 1624 περὶ
895 1573 981 1609 θεῶν
1008 1572 1208 1610 διαπεπλα-

171 1625 304 1678 σμένα,
337 1627 396 1665 καὶ
417 1626 450 1666 εἴ
471 1643 505 1665 τι
527 1627 604 1666 καθ’
630 1627 786 1682 ἱστορίαν
807 1628 963 1683 εἴρηται,
983 1629 1206 1684 περιείληφε,

172 1686 254 1741 περί
276 1703 315 1726 τε
333 1689 402 1726 τῶν
425 1688 510 1741 παρ’
532 1690 646 1733 αὐτοῖς
666 1688 792 1743 ἡρώων
812 1689 872 1728 καὶ
896 1689 1121 1744 Διοσκούρων
1144 1690 1204 1729 καὶ

173 1745 254 1801 περὶ
273 1748 342 1785 τῶν
357 1748 392 1785 ἐν
406 1745 512 1803 ᾍδου
527 1747 587 1786 καὶ
604 1746 670 1786 ὅσα
691 1748 937 1803 παραπλήσια.

579 1872 736 1912 LIBER
760 1873 791 1912 Ι.

223 2001 405 2052 Stephan.
422 2004 512 2051 Byz.
533 2015 541 2037 :
558 1998 768 2048 Δωδώνη....
784 1999 1043 2052 Ἀπολλόδωρος
1062 1997 1099 2037 δὲ
1117 1999 1153 2036 ἐν
1172 1997 1205 2037 α’

171 2059 255 2112 περὶ
277 2060 379 2099 Θεῶν
403 2058 461 2097 τὸν
488 2059 696 2097 Δωδωναῖον
715 2057 823 2102 οὕτως
849 2059 1071 2109 ἐτυμολογεῖ·
1093 2073 1109 2090 «
1129 2057 1206 2095 Κα-

174 2117 286 2170 θάπερ
304 2118 335 2155 οἱ
354 2117 412 2155 τὸν
427 2116 495 2156 Δία
508 2117 715 2156 Δωδωναῖον
735 2115 798 2168 μὲν
815 2118 1015 2164 καλοῦντες,
1035 2113 1088 2153 ὅτι
1105 2114 1206 2153 δίδω-

170 2192 224 2215 σιν
243 2179 328 2227 ἡμῖν
344 2192 388 2214 τα
410 2175 544 2228 ἀγαθὰ,
564 2175 787 2227 Πελασγικὸν
802 2175 851 2224 δὲ,
870 2174 924 2213 ὅτι
940 2177 1001 2222 τῆς
1017 2176 1081 2225 γῆς
1096 2173 1205 2217 πέλας

170 2250 279 2274 εστιν.
294 2253 309 2269 υ

222 2294 330 2332 Idem
351 2309 360 2332 ε
384 2292 538 2341 Βωδώνη
550 2324 561 2343 ,
579 2292 680 2337 πόλις
695 2291 917 2346 Πεῤῥαιὸικὴ
931 2322 941 2341 ,
960 2293 1007 2337 ὥς
1030 2289 1202 2330 Ἀπολλό-

577 2437 646 2476 DE
674 2437 789 2475 DIIS.

210 2518 337 2560 Sopatri
358 2517 487 2558 Eclogae
508 2517 606 2550 variae
627 2517 784 2549 doctrinae
806 2516 897 2548 libris
919 2515 1102 2548 duodecim.
1126 2515 1198 2548 Gol-

167 2567 244 2608 legit
274 2568 382 2598 autem
412 2564 473 2596 hoc
505 2571 588 2604 opus
619 2571 637 2595 e
666 2563 779 2594 multis
811 2565 844 2595 et
870 2561 1007 2594 diversis
1036 2561 1198 2594 historicis

168 2617 267 2655 atque
283 2611 505 2654 scriptoribus.
526 2610 655 2643 Primus
671 2610 779 2651 itaque
797 2609 877 2641 liber
893 2609 933 2640 de
952 2611 1139 2641 Graecorum
1158 2608 1199 2640 sa-

170 2662 292 2694 bulosis
309 2660 371 2693 diis
388 2659 464 2700 agit.
481 2658 592 2690 Electa
607 2657 678 2690 haec
693 2666 731 2689 ex
749 2655 935 2698 Apollodori
951 2655 1032 2687 libro
1048 2655 1143 2687 tertio
1159 2655 1199 2687 de

170 2710 257 2749 Diis,
282 2708 339 2749 qui
363 2706 466 2748 patria
491 2704 696 2738 Atheniensis
719 2703 960 2745 grammaticam
985 2702 1106 2734 docuit.
1133 2704 1198 2734 Nec

169 2767 245 2789 vero
260 2765 278 2788 e
293 2755 388 2788 tertio
403 2754 563 2786 duntaxat
577 2752 659 2784 libro
675 2752 745 2783 haec
759 2751 894 2791 selegit:
912 2749 966 2782 sed
984 2752 1017 2781 et
1030 2758 1048 2781 e
1064 2751 1196 2790 quarto,

168 2804 301 2845 quinto,
318 2811 357 2835 ac
372 2810 471 2841 nono,
489 2800 630 2840 itemque
645 2808 664 2831 e
682 2798 786 2840 primo
803 2796 1055 2838 (undecimOP),
1072 2795 1196 2828 duode-

169 2852 277 2891 cimo,
297 2848 538 2889 decimoquinto
567 2848 600 2879 et
614 2846 739 2878 decimo
755 2847 846 2878 sexto
869 2852 972 2885 usque
987 2843 1026 2875 ad
1043 2843 1196 2884 quartum

167 2901 200 2931 et
218 2897 421 2930 vicesimum.
441 2894 566 2932 Quibus
584 2893 807 2933 collectaneis,
825 2901 898 2933 quae
916 2892 957 2924 de
975 2891 1036 2924 diis
1053 2890 1196 2923 fabulose

168 2945 243 2976 ficta
266 2944 366 2982 sunt,
392 2950 531 2983 quaeque
555 2937 709 2972 historice
731 2940 923 2977 narrantur,
951 2937 1195 2991 complectitur,

169 2992 272 3032 deque
288 2989 458 3028 heroibus,
479 2997 517 3020 ac
534 2986 698 3020 Dioscuris
709 3010 718 3026 ,
737 2995 796 3019 nec
814 2995 879 3018 non
897 2985 937 3017 de
955 2985 995 3017 iis
1006 3008 1016 3025 ,
1035 2985 1091 3026 qui
1110 2984 1194 3026 apud

167 3039 288 3071 inferos
305 3037 445 3077 degunt,
464 3038 497 3067 et
513 3043 587 3076 quae
605 3034 723 3066 horum
741 3035 818 3066 sunt
837 3032 967 3066 similia.

610 3099 800 3112 4...οὓ-

574 3135 729 3174 LIBER
757 3135 788 3174 Ι.

667 3219 701 3250 1.

213 3278 427 3320 Apollodorus
451 3279 533 3312 libro
558 3280 663 3320 primo
687 3280 728 3312 de
742 3280 831 3319 Diis,
855 3280 901 3312 sic
924 3280 1016 3313 Jovis
1041 3278 1196 3312 Dodonaei

171 3326 397 3367 etymologiam
421 3326 550 3358 exhibet
569 3337 576 3358 :
598 3340 613 3354 «
633 3328 914 3364 Quemadmodum
941 3330 1057 3360 Jovem
1090 3327 1195 3360 Dodo-

172 3382 279 3406 naeum
294 3372 425 3413 quidam
449 3372 496 3405 sic
512 3376 628 3405 vocant
652 3383 671 3405 a
693 3375 803 3415 δίδωμι
822 3375 914 3415 (do),
932 3376 1007 3416 quia
1021 3375 1077 3407 dat
1099 3374 1194 3407 nobis

1268 923 1387 976 δωρος.
1413 923 1529 970 Quod
1549 923 1597 961 ad
1615 924 1720 962 hunc
1735 924 1863 963 locum
1884 926 2124 965 referendum
2144 927 2299 966 videtur

1267 990 1429 1033 propter
1448 995 1514 1030 ea,
1542 995 1628 1032 quae
1653 983 1701 1020 de
1729 987 1825 1022 Jove
1844 985 2041 1023 Dodonaeo
2068 985 2186 1024 habet
2208 988 2298 1024 Ste—

1267 1041 1428 1091 phanus.
1452 1041 1556 1078 Dicit
1575 1041 1708 1079 enim:
1728 1041 1872 1095 ‘'Erepot
1902 1042 1938 1081 δὲ
1963 1043 2135 1098 γράφουσι
2160 1045 2297 1085 Βωδω-

1266 1105 1360 1138 ναῖε·
1383 1097 1484 1138 πόλιν
1504 1092 1623 1152 γὰρ
1589 1102 1678 1138 εἶναι
1701 1100 1893 1150 Βωδωνην,
1912 1100 2000 1141 ὅπου
2018 1109 2177 1154 τιμᾶται.

1683 1169 1886 1184 ..ἐωξ-

1665 1205 1818 1244 LIBER
1847 1207 1896 1245 II.

1765 1267 1802 1307 2.

1319 1329 1495 1368 Stobaeus
1514 1331 1645 1382 Eclog.
1667 1331 1777 1382 phys.
1799 1340 1892 1370 tom.
1914 1336 1951 1382 Ι,
1969 1347 2009 1385 Ρ.
2030 1335 2105 1372 520
2122 1334 2182 1372 ed.
2200 1337 2297 1373 Hee-

1266 1403 1350 1428 ren.
1369 1390 1691 1452 εἈπολλόδωρος’
1675 1407 1710 1430 εν
1733 1395 1784 1445 τῷ
1807 1392 1958 1447 δευτέρῳ
1981 1394 2062 1447 περὶ
2085 1396 2186 1435 Θεῶν
2213 1396 2295 1434 Πυ-

1266 1448 1448 1503 θαγορείαν
1477 1453 1567 1488 εἰναι
1598 1448 1661 1497 τὴν
1691 1451 1772 1505 περὶ
1805 1450 1951 1501 τούτοιν,
1983 1452 2042 1492 τὸν
2077 1453 2180 1492 αὐτὸν
2208 1446 2297 1492 εἶναι

1267 1507 1464 1562 Φωσφόρον
1490 1524 1551 1547 και
1573 1508 1769 1563 υΕσπερον,
1791 1509 1904 1556 δόξαν,

1763 1584 1800 1619 3.

1320 1643 1492 1682 Erotian.
1509 1647 1602 1683 Lex.
1625 1645 1854 1696 Hippocrat.
1874 1661 1883 1684 z
1909 1644 2059 1700 Χάριτες
2073 1661 2082 1670 ·
2100 1647 2137 1684 αἱ
2155 1646 2295 1700 Χαραί·

1264 1703 1310 1744 ὥς
1326 1701 1386 1740 καὶ
1400 1703 1584 1755 Σοφοκλῆς
1603 1703 1638 1740 ἐν
1650 1702 1825 1757 Ἐλεγείᾳ.
1846 1703 2035 1755 Μέμνηται
2056 1703 2116 1743 καὶ
2129 1704 2295 1744 Ἀπολλό-

1265 1762 1372 1815 δωρος
1390 1762 1425 1798 ἐν
1449 1759 1598 1814 δευτέρῳ
1613 1762 1693 1815 περὶ
1710 1764 1826 1813 Θεῶν,
1853 1763 1938 1816 φησὶ
1952 1762 1989 1801 δὲ
2003 1763 2109 1807 αὐτὰς
2121 1765 2293 1811 κληθῆναι

1264 1818 1334 1857 ἀπὸ
1355 1818 1419 1871 μὲν
1442 1821 1505 1866 τῆς
1531 1826 1643 1873 χαρᾶς
1674 1820 1841 1875 Χάριτας.
1870 1821 1942 1860 Καὶ
1971 1820 2039 1875 γὰρ
2067 1821 2238 1866 πολλάκις
2261 1823 2294 1860 οἱ

1263 1878 1408 1926 ποιηταὶ
1430 1877 1494 1926 τὴν
1518 1878 1620 1933 χάριν
1642 1879 1757 1933 χαρὰν
1780 1881 1959 1919 καλοῦσιν.

1653 1996 1806 2036 LIBER
1835 1998 1903 2036 111.

1315 2113 1442 2151 Schol.
1475 2113 1652 2164 Apollon.
1684 2055 1829 2163 Rh.4I,
1880 2120 1977 2160 1124
2000 2130 2010 2153 :
2034 2118 2207 2162 Quercus
2226 2115 2290 2153 fo-

1262 2173 1322 2211 liis
1351 2174 1525 2211 coronati
1554 2186 1660 2211 sacra
1694 2174 1838 2211 faciunt
1863 2173 1975 2211 Matri
1998 2175 2134 2212 Deum.
2155 2172 2203 2213 Ἡ
2222 2173 2291 2228 γὰρ

1263 2232 1341 2284 δρῦς
1362 2230 1439 2285 ἱερὰ
1456 2233 1519 2278 τῆς
1533 2230 1657 2278 Ῥέας,
1671 2230 1718 2275 ὥς
1734 2245 1839 2285 φησιν
1858 2229 2116 2286 Ἀπολλόδωρος
2135 2234 2170 2271 ἐν
2184 2231 2291 2286 τρίτῳ

1266 2289 1347 2344 περὶ
1373 2291 1489 2330 Θεῶν.

1259 2433 1366 2466 omnia
1383 2434 1468 2466 bona
1486 2444 1494 2466 ε
1515 2434 1715 2475 Pelasgicum
1730 2436 1839 2468 autem
1855 2444 1875 2467 a
1890 2436 1983 2472 πέλας
1999 2435 2032 2468 et
2049 2439 2088 2477 γῆ
2101 2459 2111 2477 ,
2134 2436 2213 2477 quia
2227 2437 2289 2469 ter-

1258 2491 1303 2514 rae
1320 2482 1448 2514 vicinus
1463 2484 1524 2514 est·
1543 2495 1559 2510 n

1299 2528 1450 2569 Eudone,
1467 2528 1545 2561 urbs
1563 2529 1781 2569 Perrhaebica‚
1797 2531 1878 2562 toste
1893 2529 2100 2571 Apollodoro.

1699 2591 1850 2603 ᾔειν...-

1655 2635 1810 2674 LIBER
1837 2636 1888 2673 ΙΙ.

1751 2705 1773 2737 2
1780 2728 1788 2736 .

1297 2762 1511 2803 Apollodorus
1531 2761 1631 2794 altero
1663 2761 1704 2794 de
1721 2762 1792 2794 Diis
1814 2761 1896 2793 libro
1921 2763 2134 2802 Pythagoram
2156 2763 2203 2795 ait
2222 2761 2284 2804 pri-
2304 2794 2308 2798 ,

1254 2817 1344 2840 mum
1371 2809 1556 2849 opinatum,
1584 2808 1724 2841 eundem
1744 2816 1817 2840 esse
1840 2808 2022 2841 Luciferum
2038 2813 2070 2841 et
2091 2810 2279 2850 Hesperum.

1698 2890 1701 2893 .
1754 2868 1789 2901 3„

1296 2927 1455 2966 Charites,
1472 2927 1494 2959 i.
1512 2934 1542 2958 e.
1559 2926 1701 2966 Gratiae,
1721 2928 1758 2958 ut
1767 2924 1941 2966 Sophocles
1960 2933 2090 2966 quoque
2105 2925 2139 2957 in
2160 2925 2280 2966 Elegia.

1253 2975 1401 3008 Meminit
1416 2975 1449 3007 et
1467 2973 1682 3015 Apollodorus
1698 2973 1732 3004 in
1748 2971 1891 3005 secundo
1906 2974 1954 3004 Dc
1964 2971 2051 3011 Diis,
2067 2972 2282 3014 appellarique

1253 3022 1357 3062 inquit
1377 3021 1463 3062 ipsas
1481 3020 1633 3063 Χάριτας,
1650 3028 1670 3051 a
1688 3027 1768 3051 voce
1788 3019 1887 3062 χαρά,
1905 3027 1978 3059 quae
1995 3019 2153 3060 significat
2166 3019 2278 3062 gratia.

1252 3070 1359 3101 Poetae
1374 3068 1461 3101 enim
1476 3075 1563 3108 saepe
1577 3068 1632 3106 τὴν
1647 3066 1735 3109 χάριν
1752 3066 1866 3099 dicunt
1881 3065 1989 3109 χαράν.

1652 3133 1869 3148 -οθοοο--ν

1642 3179 1795 3218 LIBER
1823 3179 1892 3216 ΙΙΙ.

1745 3255 1783 3287 4.

1294 3327 1438 3363 Quercus
1452 3331 1543 3356 sacra
1557 3324 1607 3355 est
1619 3323 1715 3356 Matri
1731 3324 1872 3356 Deorum
1881 3348 1890 3364 ,
1914 3324 1952 3356 ut
1967 3321 2179 3363 Apollodorus
2198 3319 2276 3354 dicit

1253 3374 1292 3407 de
1307 3374 1374 3407 Diis
1391 3373 1473 3406 libro
1491 3372 1595 3405 tertio.

2313 3246 2320 3383 f

2309 3563 2320 3609 Ἑλ

2306 3618 2320 3684 Jl'
