2320 3684
165 171 241 205 388

215 308 356 347 Euseb.
372 311 478 346 Arm.
495 309 541 344 N.
558 319 647 358 710,
666 319 702 356 p.
723 317 798 354 29²
823 303 881 341 ed.
900 305 995 342 Mai:
1021 307 1073 342 Ut
1103 318 1193 341 non-

162 360 257 404 nulli
274 372 391 412 aiunt,
413 366 553 403 Bacchi
570 373 687 414 gesta,
711 376 840 411 resque
871 368 951 411 ejus
988 367 1026 400 in
1054 366 1189 410 India,

162 430 245 463 item
267 429 427 475 Lycurgi
451 433 488 461 et
515 426 700 459 Actoeonis
718 431 755 459 et
764 422 921 458 Penthei
932 437 946 467 ;
965 432 1001 460 et
1016 425 1192 472 quomodo

161 486 331 521 Bacchus
360 488 396 519 in
409 484 546 532 proelio
563 483 776 518 adversatus
785 485 912 530 periit,
948 491 988 518 ut
1009 484 1096 518 dicit
1127 484 1193 518 Di-

162 544 324 581 narchus
350 550 476 591 poeta,
501 554 573 576 non
593 540 725 578 rhetor.
758 541 832 588 Qui
863 550 986 578 autem
1017 543 1187 586 voluerit,

163 606 248 639 licet
268 605 303 638 ei
323 601 446 637 adhuc
460 608 626 650 spectare
644 599 786 636 Bacchi
812 603 1018 650 sepulcrum
1038 600 1193 649 Delphis

153 667 269 710 Juxta
289 673 442 697 aureum
461 662 684 710 Apollinem.
712 661 801 697 Jam
820 659 988 698 Bacchus
1005 663 1191 708 copiarum

160 722 239 756 dux
270 727 560 769 repraesentatur
591 717 762 755 muliebri
777 718 917 762 habita,
949 722 1037 766 quia
1066 721 1188 767 copiis,

161 778 292 828 quibus
312 786 496 828 proeerat,
508 777 672 825 feminoe
690 776 854 824 fuerunt
876 780 1056 813 immixtae
1071 790 1082 812 .·
1102 780 1194 813 viris

161 842 257 874 enim
287 847 323 874 et
347 837 507 885 feminis
550 838 604 873 ad
631 836 766 873 bellum
798 850 905 886 ceque
931 835 1111 882 utebatur,
1154 845 1196 872 ut

161 905 295 934 narrat
307 897 544 934 Philochorus
561 900 597 932 in
613 897 780 933 secundo.

215 955 414 1006 Syncellus
435 968 471 1006 p.
498 955 586 1003 162,
620 953 860 993 (ΞεΔιονύσου
887 952 1029 1007 πράξεις
1063 951 1124 991 καὶ
1150 952 1195 991 τὰ

161 1014 242 1068 περὶ
260 1012 400 1061 Ἰνδοὺς,
415 1011 616 1066 Λυκοῦργόν
628 1028 666 1051 τε
681 1012 742 1051 καὶ
761 1012 955 1051 Ἀκταίωνα
968 1011 1028 1050 καὶ
1044 1011 1194 1060 Πενθέα,

162 1073 255 1116 ὅπως
274 1088 312 1111 τε
327 1074 458 1126 Περσεῖ
475 1071 602 1116 συστὰς
620 1073 668 1116 εἷς
684 1072 804 1125 μάχην
819 1073 1029 1125 ἀναιρεῖται,
1047 1070 1094 1114 ὥς
1110 1087 1196 1124 φησι

163 1131 354 1186 Δείναρχος
370 1134 388 1170 ὁ
401 1130 562 1180 ποιητὴς,
580 1132 647 1183 οὐχ
671 1134 689 1169 ὁ
707 1130 833 1184 ῥήτωρ.
855 1133 919 1183 Τῷ
935 1129 972 1167 δὲ
994 1129 1196 1182 βουλομένῳ

162 1190 329 1244 πάρεστιν
362 1190 445 1228 ἰδεῖν
471 1191 578 1228 αὐτοῦ
594 1188 657 1237 τὴν
674 1188 787 1242 ταφὴν
811 1190 846 1227 ἐν
860 1189 1006 1241 Δελφοῖς
1020 1186 1118 1241 παρὰ
1136 1187 1195 1226 τὸν

163 1248 366 1288 Ἀπόλλωνα
383 1248 441 1287 τὸν
453 1252 616 1302 χρυσοῦν.
678 1248 811 1302 Βάθρον
827 1246 863 1285 δέ
879 1262 913 1284 τι
931 1246 1108 1298 νομίζεται
1127 1252 1196 1289 τοῖς

163 1309 345 1359 ἀγνοοῦσιν
371 1309 389 1344 ὁ
407 1306 576 1345 Διονύσου
597 1306 722 1360 τάφος,
744 1305 936 1360 στρατηγὸς
962 1303 999 1342 δὲ
1023 1305 1116 1342 δοκεῖ
1131 1320 1194 1356 γε-

163 1366 306 1413 νέσθαι,
327 1365 386 1404 καὶ
407 1365 499 1404 οὕτω
519 1366 690 1419 γράφεται
709 1364 928 1417 θηλύμορφος
949 1363 1006 1402 διά
1034 1378 1072 1401 τε
1089 1362 1198 1407 ἄλλας

165 1423 313 1478 αἰσχρὰς
327 1423 438 1468 αἰτίας
453 1424 512 1462 καὶ
528 1425 583 1462 διὰ
601 1423 641 1462 τὸ
659 1422 845 1475 μιξόθηλυν
863 1421 1010 1476 στρατὸν
1031 1421 1195 1466 ὁπλίζειν

163 1483 294 1527 ὥπλιζε
311 1482 378 1536 γὰρ
401 1482 464 1520 συν
483 1488 553 1526 τοῖς
570 1482 689 1535 ἄῤῥεσι
716 1481 777 1525 τὰς
795 1481 951 1529 θηλείας,
971 1480 1016 1524 ὥς
1048 1496 1151 1535 φησιν
1179 1483 1196 1519 ὃ

164 1541 397 1594 Φιλόχορος’
382 1557 416 1578 εν
438 1541 599 1595 δευτέρῳ.

219 1602 275 1639 Cf
303 1601 482 1651 Scaliger.
503 1601 620 1638 Thes.
645 1608 760 1651 temp.
781 1613 818 1650 p.
843 1612 928 1636 12⁴2.

652 1659 714 1696 24.

218 1720 443 1767 Harpocrat.
464 1730 499 1755 v.
528 1716 732 1756 Κοὸαλείαε
809 1716 988 1756 Κοὸαλεία
1014 1716 1152 1768 ἐλέγετο
1173 1721 1195 1765 ἡ

163 1774 385 1831 προσποιητὴ
427 1775 516 1825 μετὰ
551 1775 690 1823 ἀπάτης
722 1774 865 1824 παιδιὰ,
897 1775 956 1814 καὶ
989 1775 1138 1819 κόὸαλος
1179 1779 1198 1814 ὃ

164 1835 273 1887 ταύτῃ
291 1834 482 1887 χρώμενος.
504 1833 627 1874 ’Έοικε
643 1834 680 1873 δὲ
699 1834 899 1886 συνώνυμον
916 1837 966 1888 τῷ
986 1834 1195 1888 βωμολόχῳ.

165 1893 363 1946 Φιλόχορος
379 1894 414 1932 ἐν
427 1893 577 1948 δευτέρῳ
591 1894 752 1938 Ἀτθίδος·
776 1895 854 1933 «Οὐ
873 1892 955 1947 γὰρ,
970 1893 1088 1947 ὥσπερ
1113 1893 1198 1932 ἔνιοι

164 1953 325 2004 λέγουσι,
347 1953 555 2006 βωμολόχον
571 1953 649 1992 τινὰ
662 1953 721 1992 καὶ
742 1952 891 1992 κόὸαλον
912 1953 1070 2005 γίνεσθαι
1092 1968 1197 2004 νομι-

165 2011 265 2050 στέον
279 2013 337 2052 τὸν
352 2013 530 2053 Διόνυσον.
541 2031 556 2046 n

221 2072 363 2110 Eadem
393 2073 566 2111 referunt
594 2072 720 2111 Schol.
740 2072 788 2110 ad
808 2071 927 2110 Arist.
949 2072 1077 2122 Equit.
1107 2073 1197 2122 415,

166 2132 299 2169 Suidas
314 2146 349 2170 v.
369 2131 559 2180 Κοὸαλεία,
576 2132 816 2170 Phavorinus
829 2139 868 2168 et
880 2131 1037 2168 Photius
1054 2132 1091 2168 in
1106 2136 1197 2170 Lex.

166 2191 213 2228 ab
231 2195 359 2229 Herm.
380 2192 468 2229 edit.
490 2206 527 2243 p.
554 2193 636 2229 130.

219 2301 445 2349 Harpocrat.
465 2311 501 2335 v.
527 2244 732 2351 ΚανηφΞῗοι
751 2312 760 2334 :
777 2296 976 2350 Φιλόχορος
995 2298 1031 2335 ἐν
1052 2296 1197 2350 δευτέρα

207 2462 324 2495 Bacchi
343 2463 414 2493 acta
432 2463 464 2494 et
492 2470 542 2493 res
557 2460 597 2492 ab
617 2469 656 2493 eo
682 2461 837 2493 adversus
863 2460 974 2501 Indos,
1002 2463 1200 2502 Lycurgum,

166 2511 350 2543 Actaeonem
367 2509 399 2540 et
411 2508 592 2540 Pentheum
608 2509 724 2548 gestae3
754 2509 790 2540 ut
815 2508 988 2540 commisso
1001 2508 1035 2540 in
1049 2510 1202 2540 Perseum

166 2556 280 2598 praelio
309 2556 447 2587 mortem
474 2554 659 2596 oppetierit,
677 2556 715 2587 ut
730 2555 911 2586 Dinarchus
940 2557 1046 2596 poeta,
1071 2564 1135 2586 non
1150 2554 1202 2586 ille

167 2605 289 2643 rhetor,
305 2603 548 2635 commemorat.
558 2603 622 2639 Qui
635 2603 743 2633 autem
759 2602 908 2642 voluerit,
922 2603 1030 2642 potest
1044 2601 1202 2642 inspicere

167 2653 237 2693 ejiis
260 2650 444 2693 sepulcrum
471 2649 604 2691 Delphis
629 2650 724 2690 juxta
748 2649 927 2690 Apollinem
953 2652 1106 2681 Aureum.
1127 2650 1203 2681 Gra-

167 2699 229 2732 dus
264 2698 397 2740 quidam
431 2706 503 2730 esse
532 2696 672 2730 creditur
704 2697 824 2737 ignaris
854 2696 976 2729 Bacchi
1003 2696 1199 2737 sepulcrum.

166 2747 305 2779 Videtur
322 2747 430 2778 autem
443 2744 511 2777 dux
524 2753 596 2776 esse
615 2744 795 2785 copiarum,
813 2746 910 2784 atque
935 2743 1010 2776 talis
1028 2752 1202 2784 repraesen-

167 2793 258 2825 tatur
273 2791 422 2823 muliebri
439 2799 572 2832 corpore
597 2792 630 2822 et
657 2793 787 2832 propter
799 2790 878 2822 alias
895 2799 945 2822 res
960 2790 1147 2822 inhonestas
1169 2791 1202 2821 et

167 2841 299 2881 propter
334 2838 484 2870 mulieres
515 2838 594 2870 viris
623 2837 784 2870 admixtas
815 2838 847 2869 in
884 2837 954 2877 ejus
976 2837 1122 2869 exercitu
1142 2836 1200 2868 mi-

168 2885 298 2917 litantes
313 2894 320 2915 :
335 2893 411 2916 uam
441 2884 526 2916 viros
559 2884 680 2925 pariter
697 2888 734 2916 ae
749 2883 900 2916 mulieres
934 2883 1091 2922 armabat,
1106 2885 1142 2914 ut
1157 2883 1201 2915 ait

169 2932 385 2964 Philochorus
399 2931 479 2963 libro
493 2931 648 2964 secundo.

212 3033 241 3063 K
251 3032 416 3063 οὸαλεία
437 3031 615 3063 vocabatur
631 3031 725 3063 fictus
741 3031 837 3063 ludus
853 3031 990 3072 Jocusve
1004 3031 1080 3063 dolo
1098 3032 1131 3064 et
1147 3031 1201 3064 fal-

173 3078 255 3110 lacia
278 3079 474 3119 conjunctus
493 3088 500 3110 :
518 3081 550 3110 et
565 3078 753 3118 κόὸαλος,
781 3078 838 3119 qui
853 3079 940 3111 hunc
958 3078 1074 3111 ludum
1088 3079 1198 3111 ludit:

171 3124 258 3156 idem
272 3125 451 3165 significare
465 3125 595 3158 videtur
606 3134 644 3158 ac
657 3126 850 3168 βωμολόχος.
864 3126 1079 3158 Philochorus
1096 3126 1200 3158 Atthi-

172 3170 223 3202 dis
235 3170 316 3202 libro
327 3172 485 3204 secundo:
500 3185 515 3200 κ
524 3174 589 3204 Nec
601 3173 698 3212 enim,
710 3174 748 3204 ut
762 3173 894 3214 quidam
906 3174 1008 3213 aiunt,
1022 3173 1201 3215 Dionysum

173 3225 316 3249 scurram
323 3219 355 3249 et
363 3218 563 3259 deceptorem
573 3219 672 3252 fuisse
683 3220 841 3262 (κόὃαλον)
848 3221 1101 3254 existimandum
1109 3224 1168 3254 est.
1182 3235 1199 3250 »

655 3275 722 3307 25.

214 3321 428 3354 Philochorus
444 3324 586 3356 secundo
600 3325 683 3357 libro
706 3326 848 3358 Atthidis
871 3326 967 3367 dicit,
983 3327 1197 3360 Erichthonio

172 3371 326 3410 regnante
339 3369 478 3410 virgines
504 3371 626 3404 nobiles
642 3372 783 3413 primum
810 3374 907 3406 lectas
926 3374 1026 3407 fuisse
1039 3398 1048 3413 ‚
1066 3384 1140 3416 quae
1167 3375 1198 3407 in

901 159 988 198 PHI
996 158 1090 198 LOC
1096 158 1218 197 Hom
1253 157 1582 198 FRAGMENTA.

1254 243 1400 288 Ἀτθίδος
1420 245 1576 299 φησὶν,“
1558 261 1604 288 ως
1628 246 1670 284 Ἐ
1674 247 1846 299 ριχθονίου
1873 249 2111 299 βασιλεύοντος
2138 251 2276 304 πρῶτον

1252 302 1471 352 κατέστησαν
1492 308 1527 343 αἱ
1548 306 1583 343 ἐν
1610 305 1782 356 ἀξιώματι
1800 305 1964 379 παρθένοι
1992 307 2105 362 φέρειν
2125 309 2170 348 τὰ
2189 317 2279 349 κανᾶ

1251 365 1295 415 τῇ
1313 364 1414 416 θεῷ’
1399 363 1451 417 εφ’
1476 358 1528 408 οἷς
1557 362 1714 402 ἐπέκειτο
1736 364 1780 402 τὰ
1806 365 1890 419 πρὸς
1915 365 1978 414 τὴν
2005 367 2124 406 θυσίαν
2151 375 2222 413 τοῖς
2242 385 2280 408 τε

1254 422 1511 470 Παναθηναίοις
1530 423 1590 461 καὶ
1611 430 1686 466 ταῖς
1707 423 1829 468 ἄλλαις
1844 431 2013 476 πομπαῖς.

1304 482 1449 519 Eadem
1471 482 1593 520 habes
1613 483 1714 534 apud
1735 483 1885 521 Suidam
1907 498 1941 521 v.
1966 484 2166 539 Κανηφόροι
2186 495 2224 523 et
2243 487 2280 523 in

1252 540 1377 578 Photii
1404 545 1498 580 Lex.
1519 555 1558 592 p.
1576 556 1626 591 97
1642 546 1771 580 Herm.

1307 654 1434 692 Schol.
1460 655 1660 705 Aristoph.
1690 631 1810 728 VespL
1832 655 1927 701 544.
1942 655 2003 694 Ἐν
2022 661 2094 700 τοῖς
2117 658 2285 704 Παναθη-

1252 712 1360 757 ναίοις
1384 714 1415 750 οἱ
1439 712 1598 767 γέροντες
1622 712 1810 757 θαλλους”
1791 729 1929 766 εχοντες
1956 713 2194 766 ἐπόμπευον..
2238 714 2284 755 Ὁ

1255 770 1374 822 μέντοι
1418 771 1631 826 Δικαίαρχος
1657 773 1692 810 ἓν
1717 789 1766 826 τῳ
1804 775 2087 827 ΙΙαναθηναϊκῶ,
2113 789 2176 812 ουκ
2198 745 2285 813 οἶδα

1253 830 1288 876 ἐξ
1299 831 1377 871 ὅτου
1388 831 1485 881 ποτὲ,
1505 832 1564 871 καὶ
1577 832 1638 875 τὰς
1651 834 1790 886 γραῦς’
1775 849 1809 871 εν
1826 839 1896 877 τοῖς
1908 833 2168 880 Παναθηναίοις
2184 833 2283 873 ὑπεί-

1253 892 1342 943 ληφε
1371 892 1608 945 θαλλοφορεῖν,
1648 892 1788 930 πολλῶν
1826 892 1991 939 ἀλλήλοις
2024 891 2285 944 ὁμολογούντων

1254 947 1411 1001 περὶτοῦ
1427 949 1552 1000 μόνους
1576 948 1655 992 τοὺς
1678 948 1876 1003 πρεσὸύτας
1904 951 2142 1004 θαλλοφορεῖν,
2173 951 2287 989 Ξενο-

1256 1009 1387 1059 φῶντος
1419 1006 1482 1058 μὲν
1508 1009 1543 1045 ἐν
1563 1010 1613 1060 τῷ
1633 1007 1844 1060 Συμποσίῳ,
1865 1007 2067 1062 Φιλοχόρου
2097 1007 2133 1046 δὲ
2170 1010 2205 1046 ἐν
2242 1011 2286 1060 τῇ

1255 1065 1410 1119 δευτέρα·
1430 1063 1465 1109 ὅς
1481 1081 1520 1117 γε
1542 1066 1602 1104 καὶ
1628 1064 1687 1104 τὸν
1705 1065 1901 1104 καταδόντα
1917 1066 1956 1105 τὸ
1976 1066 2050 1110 ἔθος
2069 1066 2287 1121 Ἐριχθόνιον

1256 1123 1450 1171 συνίστησι.

1309 1182 1452 1220 Eadem
1471 1182 1628 1220 exhibet
1649 1183 1887 1221 Phavorinus
1903 1197 1941 1222 v.
1958 1183 2192 1237 Θαλλοφόροι.

1745 1241 1808 1280 27.

1312 1302 1502 1350 Harpocr.
1536 1313 1573 1337 v.
1590 1299 1768 1352 Εὔανδρία
1790 1314 1798 1336 ;
1823 1300 2082 1347 Παναθηναίοις
2111 1301 2291 1355 εὐανδρίας

1257 1357 1350 1409 ἀγὼν
1367 1358 1485 1409 ἤγετο.
1505 1357 1703 1405 Ἀνδοκίδης
1724 1358 1754 1396 δ’
1774 1360 1809 1397 ἐν
1823 1362 1874 1413 τῷ
1893 1361 1972 1398 κατ’
1989 1360 2208 1400 Ἀλκιὸιάδου
2229 1361 2290 1407 δη-

1255 1418 1311 1455 λοῖ
1326 1417 1386 1455 καὶ
1403 1416 1611 1470 Φιλόχορος.
1637 1418 1691 1455 Ad
1713 1418 1786 1456 hoc
1807 1427 1999 1457 certamen
2022 1421 2213 1472 respicere
2234 1421 2292 1458 vi-

1257 1477 1370 1514 detur
1387 1480 1486 1515 Xen.
1506 1480 1638 1528 Symp.
1662 1479 1725 1523 IV,
1751 1491 1817 1524 17·
1838 1477 2145 1533 Θαλλοφόρουςτῇ
2166 1479 2292 1531 Ἀθηνᾷ

1255 1550 1334 1579 τους
1351 1532 1480 1578 καλους
1496 1535 1659 1588 γέροντας
1677 1534 1890 1587 ἐκλέγονται.

1310 1633 1448 1692 Euseb.
1466 1657 1571 1692 Arm.
1591 1655 1635 1691 N.
1654 1654 1744 1701 611,
1769 1668 1807 1705 p.
1828 1655 1903 1704 287
1925 1655 1985 1693 ed.
2000 1656 2098 1694 Mai·
2115 1658 2292 1694 Eleusine

1257 1718 1426 1763 regnavit
1459 1713 1590 1750 Celeus
1614 1714 1826 1761 Triptolemi
1849 1717 2021 1763 oequalis,
2042 1729 2150 1764 quem
2179 1717 2295 1752 tradit

1256 1773 1495 1808 Philochorus
1515 1775 1626 1822 longa
1653 1785 1746 1807 nave
1772 1776 2051 1810 circumeuntem
2070 1774 2294 1812 distribuisse

1258 1835 1411 1867 triticum
1429 1845 1440 1867 .·
1455 1835 1576 1867 navim
1611 1839 1733 1867 autem
1766 1834 1941 1868 creditam
1970 1846 2049 1869 esse
2084 1843 2290 1883 serpentem

1257 1893 1457 1936 volucrem,
1474 1894 1562 1939 quia
1571 1889 1704 1937 forma
1718 1892 1899 1937 ejusmodi
1911 1893 2076 1940 proeclita
2090 1901 2182 1929 erat.

1311 1947 1454 1985 Eadem
1471 1948 1669 1997 Syncellus
1686 1962 1724 2000 p.
1751 1949 1838 1995 158,
1853 1952 1910 1986 D:
1929 1948 2126 1993 Ἐλευσῖνος
2160 1949 2295 1995 πόλεως

1259 2004 1386 2048 Κελεὸς
1402 2005 1631 2054 ἐδασίλευσε,
1645 2006 1723 2044 καθ’
1741 2009 1778 2045 δν
1797 2006 2038 2060 Τριπτόλεμος
2055 2002 2113 2059 ἦν,
2127 2007 2165 2046 ὅν
2185 2024 2293 2062 φησιν

1258 2066 1276 2102 ὃ
1295 2062 1493 2117 Φιλόχορος
1516 2079 1641 2117 μακρῳ
1663 2065 1776 2119 πλοίῳ
1802 2065 2054 2119 προσὸαλόντα
2079 2073 2154 2112 ταῖς
2172 2067 2294 2107 πόλεσι

1257 2121 1316 2160 τὸν
1337 2128 1433 2160 σῖτον
1461 2124 1650 2162 διαδοῦναι.
1676 2124 1825 2163 Ὑπονοε
1826 2127 1920 2163 ῖσθαι
1946 2123 1982 2163 δὲ
2007 2125 2185 2179 πτερωτὸν
2214 2126 2291 2181 ὅφιν

1259 2173 1348 2218 εἶναι
1365 2179 1427 2228 τὴν
1452 2197 1550 2229 ναυν,
1573 2180 1665 2233 ἔχειν
1681 2181 1718 2220 δέ
1733 2198 1767 2221 τι
1784 2182 1843 2220 καὶ
1862 2198 1923 2221 του
1938 2182 2131 2236 σχήματος.

1313 2239 1368 2279 Cf.
1405 2240 1633 2291 Apollodor.
1674 2244 1744 2289 ΙΙΙ,
1791 2249 1852 2288 14,
1887 2256 1934 2290 7
1924 2273 1935 2291 ,
1965 2243 2142 2293 Scaliger.
2182 2244 2293 2282 Thes.

1262 2306 1376 2349 temp.
1397 2312 1436 2350 p.
1460 2300 1546 2336 116.

1258 2409 1490 2441 Panathenaeis
1503 2412 1536 2442 et
1551 2410 1584 2441 in
1603 2410 1676 2442 aliis
1691 2412 1821 2452 pompis
1835 2411 1990 2444 Minervae
2003 2412 2144 2444 canistra
2159 2413 2292 2454 ferrent,

1258 2455 1292 2486 in
1308 2456 1432 2496 quibus
1447 2457 1574 2489 inerant
1589 2466 1638 2496 ea,
1656 2466 1731 2498 quae
1745 2458 1786 2490 ad
1805 2458 1960 2490 sacrificia
1975 2458 2188 2500 pertinebant.

1298 2557 1335 2587 In
1354 2557 1576 2588 Panathenaeis
1602 2565 1695 2590 senes
1717 2566 1825 2589 ramos
1840 2558 2002 2598 gestantes
2030 2567 2182 2601 pompam
2204 2559 2297 2594 duce.

1256 2601 1346 2634 bant.
1365 2603 1547 2635 Dinarchus
1569 2604 1719 2636 tamenin
1727 2605 1976 2644 Panathenaico,
1996 2605 2106 2638 nescio
2128 2606 2214 2638 unde
2229 2608 2297 2639 tan·
2314 2607 2315 2610 ’

1257 2647 1343 2688 dem,
1355 2650 1469 2681 statuit
1487 2650 1584 2682 etiam
1600 2651 1725 2682 vetulas
1740 2659 1848 2682 ramos
1862 2651 2056 2692 praetulisse:
2072 2661 2174 2693 quum
2189 2654 2297 2686 tamen

1257 2695 1350 2727 multi
1372 2696 1457 2727 inter
1474 2705 1508 2728 se
1524 2697 1760 2729 consentientes
1774 2697 1815 2729 de
1830 2698 1962 2730 senibus
1977 2700 2105 2737 tantum
2122 2699 2298 2741 thallopho-
2314 2722 2316 2738 3

1256 2741 1301 2772 ris
1325 2741 1510 2782 loquantur,
1528 2744 1707 2795 Xenophon
1735 2744 1770 2775 in
1797 2744 1967 2784 Symposio
1983 2745 2016 2776 et
2036 2745 2320 2778 Philochoruslk

1256 2786 1315 2818 bro
1343 2788 1511 2828 secundo;
1539 2789 1595 2829 qui
1611 2789 1709 2821 etiam
1728 2789 1949 2822 institutorem
1971 2790 2069 2832 huJ'us
2099 2791 2200 2824 moris
2229 2791 2320 2825 Eri-‘

1256 2834 1447 2866 chthonium
1463 2835 1566 2867 affert.

1750 2891 1813 2923 27.

1297 2942 1334 2972 In
1344 2940 1567 2973 Panathenaeis
1579 2941 1828 2982 pulchritudinis
1844 2942 1927 2974 inter
1939 2942 2029 2975 viros
2043 2946 2206 2978 certamen
2219 2945 2296 2979 cele.

1255 2987 1409 3019 brabatur
1423 2987 1481 3027 (sc.
1495 2990 1579 3021 uteo
1592 2989 1766 3021 certamine
1781 2989 2014 3030 pulcherrimos
2029 2999 2121 3024 senes
2133 2992 2305 3036 eligerent,

1257 3034 1313 3075 qui
1328 3035 1486 3066 Minervae
1501 3035 1695 3076 thallophori
1712 3037 1845 3076 essent),
1858 3037 1947 3077 quod
1961 3037 2144 3070 Andocides
2158 3038 2303 3077 dederat

1255 3082 1290 3113 in
1305 3080 1449 3114 oratione
1470 3082 1627 3114 adversus
1646 3082 1861 3122 Alcibiadem,
1878 3084 1911 3115 et
1927 3083 2152 3118 Philochorus.

1739 3137 1800 3170 28.

1298 3187 1456 3219 Eleusine
1480 3187 1599 3220 Celeus
1625 3188 1780 3229 regnabat
1806 3197 1936 3221 coaevus
1965 3190 2184 3231 Triptolemo,
2200 3191 2320 3231 quemi

1257 3233 1477 3266 Philochorus
1501 3235 1548 3267 ait
1563 3235 1657 3276 longa
1682 3235 1758 3267 navi
1781 3236 1820 3267 ad
1848 3236 1945 3268 urbes
1974 3237 2151 3268 accessisse
2175 3238 2208 3269 et
2233 3235 2306 3269 stu-

1257 3283 1369 3313 menta
1384 3281 1607 3321 distribuisse;
1626 3282 1771 3315 obtinere
1790 3286 1898 3315 autem
1930 3283 2136 3324 opinionem,
2153 3284 2222 3324 ejus
2244 3282 2302 3316 ne*v

1257 3336 1331 3360 vem
1363 3328 1463 3361 fuisse
1484 3332 1664 3370 serpentem
1686 3333 1875 3371 pennatum,
1894 3330 2048 3363 habuisse
2077 3332 2185 3363 autem
2213 3330 2296 3371 ejus·

1255 3376 1344 3408 modi
1363 3375 1427 3409 sere
1440 3377 1590 3417 speciem.
