2320 3684
151 199 200 234 58

617 280 680 318 94.

194 343 321 383 Schol.
340 342 519 394 Apollon.
543 341 682 391 11,713
699 353 708 376 :
731 337 936 390 Ὠνομάσθη
957 340 1167 393 Παρνασσὸς

141 402 212 441 ἀπὸ
235 404 448 455 Παρνησσοῦ
463 403 525 438 τοῦ
541 397 712 452 ἐγχωρίου
727 397 840 451 ἥρωος
850 428 861 449 ,
884 399 931 442 ὣς
947 397 1164 444 Ἑλλάνικος.

141 462 292 500 Laudat
321 462 425 498 hunc
457 460 583 496 locum
612 457 863 495 phavorinus.

192 577 358 627 Hesych.
375 590 383 612 :
405 574 572 625 Κάδμιοι,
590 575 621 612 οἱ
634 575 798 628 Πριηνεῖς
812 603 822 622 ,
836 576 882 618 ὡς
895 572 1112 620 Ἑλλάνικος.

191 694 325 744 Steph.
338 697 428 743 Byz.
446 707 454 729 :
470 689 714 745 Ὑπερὸόρεοι,
778 691 986 737 Ἑλλάνικος
993 691 1030 731 δὲ
1037 692 1168 746 Ὑπερ-

139 751 267 805 ὅόρειοι
282 750 422 804 γράφει,
442 748 499 788 διὰ
518 749 713 803 διφθόγγου.

192 813 316 856 «Quae
329 809 360 846 si
381 822 468 847 vera
478 816 582 856 sunt,
606 809 731 847 minus
752 817 855 847 recte
873 809 1000 848 editur
1019 810 1058 847 in
1079 810 1167 847 loco

139 868 344 907 Clementis
374 868 482 905 Alex.
509 867 690 906 Stromm.
717 882 752 914 1,
777 881 819 918 p,
842 869 931 914 305,
953 871 1001 907 C:
1020 867 1111 912 Τοὺς
1130 868 1167 906 δὲ

139 926 392 980 Ὑπερὸορέους
417 926 624 969 Ἑλλάνικος
645 924 731 979 ὑπὲρ
750 924 794 964 τὰ
812 925 959 965 Ῥίπαια
977 926 1040 980 ὅρη
1061 928 1165 966 οἰκεῖν

136 987 279 1038 ἱστορεῖ·
301 984 526 1023 διδάσκεσθαι
537 983 574 1022 δὲ
592 982 716 1028 αὐτοὺς
733 984 971 1032 δικαιοσύνην,
990 984 1038 1036 μὴ
1058 1000 1168 1039 κρεω-

139 1047 334 1097 φαγοῧντας
345 1073 356 1090 ,
377 1042 454 1082 ἀλλ’
475 1041 676 1096 ἀκροδρύοις
694 1041 906 1096 χρωμένους.
918 1046 967 1081 Et
980 1044 1019 1081 in
1036 1044 1167 1082 Theo—

139 1103 265 1140 doreti
296 1106 354 1140 De
384 1102 606 1142 Graecorum
634 1101 839 1139 affectibus
861 1103 1042 1140 curandis
1067 1103 1164 1153 disp.

138 1164 229 1210 XII,
247 1162 325 1199 vol.
349 1164 416 1207 IV,
442 1174 481 1211 p.
512 1166 620 1205 ¹024·
641 1173 699 1210 sq.
722 1160 812 1198 edit.
837 1160 1012 1198 Schulz.:
1029 1159 1166 1199 Ἑλλά-

138 1237 231 1265 νικος
250 1223 284 1260 ἐν
300 1227 376 1265 ταῖς
394 1219 578 1270 Ἱστορίαις
594 1219 676 1272 ἔφη,
695 1219 774 1263 τοὺς
793 1219 1045 1274 Ὑπερὸορέους
1059 1222 1164 1259 οἷκεῐν

140 1279 203 1331 μὲν
224 1279 312 1333 ὑπὲρ
328 1278 374 1318 τὰ
394 1278 543 1318 Ῥίπαια
563 1277 640 1331 ὅρη,
657 1279 775 1316 ἀσκεῖν
799 1277 835 1315 δὲ
855 1277 1089 1325 δικαιοσύνην,
1116 1278 1164 1329 μὴ

138 1341 425 1392 κρηφαγοῧντας,
443 1335 523 1374 ἀλλ’
539 1335 740 1388 ἀκροδρύοις
756 1334 968 1389 χρωμένους.
991 1337 1046 1374 De
1066 1336 1164 1384 loco,

137 1409 252 1446 quem
273 1396 442 1432 incolant
459 1393 712 1444 Hyperborei,
734 1394 923 1431 consentit
936 1406 1024 1431 cum
1036 1394 1167 1432 Hella-

137 1454 227 1491 nico
248 1457 447 1491 Damastes
469 1452 509 1488 in
534 1451 632 1489 libro
660 1451 748 1505 Περὶ
772 1452 877 1488 ἐθνῶν
903 1451 1007 1502 apud
1032 1452 1164 1503 Steph.

138 1516 226 1563 Byz.
243 1512 355 1550 Unde
380 1512 540 1549 fortasse
567 1510 709 1548 rectius
733 1510 796 1547 hic
814 1509 922 1547 locus
939 1510 1070 1548 referri
1093 1524 1167 1561 po—

139 1579 237 1609 terat
268 1571 316 1608 ad
350 1569 538 1608 Hellanici
571 1566 778 1622 Βαρὸαρικὰ
819 1567 977 1619 Νόμιμα.
1015 1569 1165 1616 Quodsi

136 1630 420 1668 Theodoretum
442 1628 651 1678 sequimur,
669 1628 923 1678 fragmentum
943 1627 1166 1678 putabimus

138 1702 219 1727 esse
237 1702 285 1726 ex
303 1687 491 1725 Hellanici
511 1685 713 1739 Ἱστορίαις,
730 1700 751 1724 e
771 1685 912 1737 quibus
930 1699 1007 1723 non
1028 1685 1165 1724 dubito

138 1748 231 1798 quin
250 1748 433 1798 pleraque
450 1745 530 1796 ejus
549 1746 668 1796 petita
683 1746 797 1782 sint.»
818 1748 942 1783 Sturz.

192 1870 352 1920 Dionys,
380 1869 501 1907 Halic.
535 1869 724 1906 Archaeol.
748 1871 780 1918 Ι,
806 1881 838 1906 c.
865 1869 938 1906 35:
957 1866 1167 1912 Ἑλλάνικος

137 1930 157 1967 ὁ
179 1927 329 1972 Λέσὸιός
355 1943 458 1982 φησιν
486 1926 665 1980 Ἡρακλέα
684 1926 754 1970 τὰς
773 1925 950 1979 Γηρυόνου
974 1929 1053 1979 βοῦς
1080 1929 1166 1966 ἀπε-

137 1987 308 2026 λαύνοντα
328 1988 375 2030 εἷς
397 1985 540 2039 Ἄργος,
561 1985 682 2033 ἐπειδή
703 2001 755 2029 τις
780 1987 873 2039 αὐτῷ
902 1984 1052 2036 δάμαλις
1079 1988 1166 2025 ἀπο-

139 2045 328 2098 σκιρτήσας
358 2047 420 2091 τῆς
443 2044 570 2096 ἀγέλης
597 2046 631 2083 ἐν
653 2044 789 2097 Ἰταλίᾳ
814 2044 889 2082 ὄντι
910 2044 1000 2093 ἤδη,
1029 2045 1164 2098 φεύγων

139 2106 236 2159 διῆρε
259 2104 322 2152 τὴν
346 2105 471 2155 ἀκτὴν,
487 2105 547 2143 καὶ
567 2104 625 2144 τὸν
647 2103 774 2156 μεταξὺ
792 2104 1039 2157 διανηξάμενος
1058 2105 1164 2160 πόρον

138 2167 201 2212 τῆς
230 2165 434 2212 θαλάσσης,
462 2167 508 2208 εἷς
539 2165 703 2204 Σικελίαν
734 2164 889 2219 ἀφίκετο,
925 2164 1087 2219 ἐρόμενον
1111 2167 1164 2205 ἀεὶ

182 2335 360 2365 Parnassus
380 2340 500 2364 nomen
515 2280 844 2373 accepia-Parnesso
855 2354 865 2371 ,
882 2332 978 2364 heroe
991 2332 1138 2373 populari
1150 2356 1160 2373 ‚

139 2383 176 2413 ut
188 2379 373 2413 Hellanicus
386 2378 476 2411 dicit.

181 2484 307 2519 Cadmii
319 2484 519 2526 appellantur
534 2432 741 2523 Prienzises,
762 2485 891 2516 auctore
904 2484 1080 2516 Hellanico.

181 2590 397 2634 Ὑπερὸὁρεοι,
417 2589 636 2631 Hyperborei,
659 2597 748 2630 gens.
769 2589 833 2621 Sed
851 2588 1036 2621 Hellanicus
1052 2589 1164 2621 scribit

140 2637 376 2680 Hyperboreios
388 2645 444 2678 per
460 2636 708 2677 diphthongum.

182 2683 365 2716 Hellanicus
389 2683 497 2715 autem
519 2682 631 2714 scribit
649 2681 872 2723 Hyperboreos
900 2682 1046 2714 habitare
1082 2682 1167 2714 ultra

140 2731 296 2771 Rhipaeos
329 2731 474 2769 montes,
507 2728 616 2761 doceri
643 2730 751 2760 autem
782 2729 870 2770 ipsos
897 2728 1077 2769 justitiam,
1101 2738 1166 2761 non

143 2778 308 2810 vescentes
320 2776 471 2808 carnibus
482 2800 491 2816 ‚
509 2776 566 2808 sed
580 2775 731 2808 arbomm
747 2775 915 2807 fructibus.

621 2831 685 2863 97.

184 2882 370 2915 Hellanicus
386 2881 524 2914 Lesbius
541 2882 587 2914 ait
602 2881 784 2922 Herculem,
802 2880 879 2913 dum
895 2880 1055 2921 Geryonis
1067 2880 1167 2912 boves

143 2932 244 2969 Argos
259 2929 416 2969 abigeret,
432 2929 586 2970 quoniam
605 2929 737 2970 quidam
753 2928 855 2969 ipsius
868 2927 1004 2966 vitulus,
1019 2935 1121 2968 quum
1134 2927 1166 2958 in

143 2976 236 3007 ltalia
248 2977 314 3015 jam
336 2978 432 3015 esset,
451 2976 491 3008 ab
506 2978 652 3008 armento
667 2975 811 3008 resiliens
836 2975 970 3016 fugerat,
992 2976 1024 3006 et
1042 2974 1166 3005 univer-

145 3031 214 3054 sam
230 3022 315 3053 illam
329 3032 417 3054 oram
434 3026 631 3064 peragrarat,
647 3025 679 3055 et
693 3022 774 3054 freto
786 3024 952 3054 transnato
967 3021 1002 3053 in
1025 3020 1166 3053 Siciliam

146 3072 333 3109 pervenerat
344 3094 352 3109 ,
366 3073 563 3109 quaerentem
579 3078 705 3111 semper
716 3078 756 3101 ex
778 3068 864 3101 illius
878 3067 1016 3109 regionis
1030 3066 1166 3099 homini-

146 3116 218 3153 hus,
236 3115 267 3145 in
280 3124 491 3156 quoscunque
504 3116 672 3148 incidisset
686 3125 882 3157 persequens
904 3124 999 3147 suum
1013 3115 1164 3153 vitulum,

147 3160 250 3192 sicubi
272 3162 345 3200 quis
367 3170 478 3192 eorum
500 3162 555 3202 qui
579 3162 739 3202 regionem
753 3161 841 3193 illam
859 3161 1043 3193 incolebant
1059 3163 1166 3201 ipsum

146 3207 292 3245 vidisset,
307 3207 368 3238 illis
382 3208 511 3247 quidem
527 3218 630 3249 pauca
643 3209 760 3248 linguae
773 3211 896 3241 Graecoe
908 3207 1066 3239 vocabula
1079 3207 1167 3239 intel-

148 3253 318 3293 ligentibus
334 3277 342 3293 ,
361 3254 418 3285 sed
432 3255 536 3294 patrio
548 3264 695 3287 sermone
715 3265 754 3287 ex
770 3256 856 3288 illius
877 3255 1025 3287 animalis
1041 3254 1166 3286 indiciis

148 3300 287 3332 vitulum
316 3300 564 3341 appellantibus,
581 3305 617 3333 ut
633 3311 718 3334 nunc
734 3303 832 3335 etiam
857 3302 1034 3343 appellatur
1048 3326 1057 3342 ,
1075 3299 1167 3342 quod

153 3348 264 3380 Graect
288 3349 414 3378 vocant
437 3347 576 3379 damalin
588 3371 597 3386 ‚
615 3348 796 3380 universam
813 3358 914 3388 oram,
931 3357 1028 3390 quam
1044 3347 1165 3379 vitulus

146 3392 199 3426 ille
214 3396 404 3434 peragrarat,
421 3394 461 3425 ab
479 3402 516 3426 eo
531 3394 657 3426 animali
679 3395 828 3427 vitaliani
852 3395 1045 3427 nominasse.
1069 3394 1163 3432 Quod

879 193 1158 234 HELLANICI
1185 193 1515 236 FRAGMENTA.

1221 280 1300 326 τοὺς
1318 283 1523 337 ἐπιχωρίους
1541 284 1618 322 καθ’
1630 283 1688 328 οὓς
1701 283 1867 323 ἑκάστοτε
1888 285 2021 337 γένοιτο
2036 287 2169 326 διώκων
2183 289 2242 328 τὸν

1223 339 1387 391 δάμαλιν,
1406 341 1439 379 εἴ
1455 357 1515 380 ποι
1532 358 1582 386 τις
1603 342 1705 382 αὐτὸν
1734 342 1896 396 ἑωρακὼς
1918 343 1971 391 εἴη
1989 347 2059 384 τῶν
2075 348 2158 396 τῇδε
2177 349 2242 386 ἀν-

1223 397 1383 451 θρώπων,
1402 399 1573 445 Ἑλλάδος
1591 400 1653 452 μὲν
1672 401 1831 452 γλώττης
1853 402 1955 454 ὀλίγα
1980 404 2177 450 συνιέντων,
2197 409 2241 454 τῆ

1224 456 1260 495 δὲ
1281 458 1418 511 πατρίῳ
1434 462 1530 513 φωνῇ
1544 459 1634 499 κατὰ
1651 459 1712 503 τὰς
1730 460 1894 511 μηνύσεις
1909 466 1969 500 τοῦ
1989 460 2076 515 ζῴου
2097 450 2244 504 καλούν-

1223 530 1292 554 των
1310 515 1369 554 τὸν
1390 516 1542 569 δάμαλιν
1562 517 1751 566 οὐίτουλον,
1773 518 1891 574 ὥσπερ
1915 520 1976 558 καὶ
1996 523 2056 559 νῦν
2083 521 2243 573 λέγεται,

1224 573 1295 612 ἀπὸ
1316 579 1376 613 τοῦ
1395 575 1483 629 ζῴου
1501 576 1565 624 τὴν
1585 576 1704 631 χώραν
1725 577 1896 629 ὀνομάσαι
1912 584 2029 617 πᾶσαν
2046 578 2130 627 ὅσην
2150 583 2168 620 ὁ
2184 581 2245 620 δά·-

1226 634 1330 684 μαλις
1349 634 1500 683 διῆλθεν,
1518 635 1722 675 Οὖϊταλίαν.
1743 638 1962 676 Μεταπεσεῖν
1976 636 2012 675 δὲ
2031 636 2096 676 ἀνὰ
2120 637 2244 692 χρόνον

1223 691 1286 739 τὴν
1307 693 1496 744 ὀνομασίαν
1521 696 1567 738 εἷς
1592 695 1631 734 τὸ
1652 699 1712 734 νῦν
1733 699 1876 748 σχῆμα,
1904 695 2000 736 οὐδὲν
2031 698 2244 749 θαυμαστὸν,

1225 750 1301 789 ἐπεὶ
1322 751 1381 790 καὶ
1400 754 1469 791 τῶν
1490 753 1707 801 Ἑλληνικῶν
1724 754 1838 793 πολλὰ
1853 755 1893 793 τὸ
1915 756 2161 808 παραπλήσιον
2183 755 2247 795 πέ-

1223 811 1345 848 πονθεν
1361 810 1552 861 ὀνομάτων.
1573 811 1675 859 Πλὴν
1692 811 1779 861 εἴτε,
1803 815 1848 856 ὡς
1866 812 2038 865 Ἀντίοχός
2057 829 2174 868 φησιν,
2191 815 2247 853 ἐπ’

1225 867 1346 919 ἀνδρὸς
1362 868 1548 919 ἡγεμόνος,
1571 868 1655 923 ὅπερ
1678 869 1761 913 ἴσως
1789 870 1849 908 καὶ
1876 871 2110 925 πιθανώτερόν
2133 874 2245 911 ἐστιν·

1225 923 1297 973 εἴθ’,
1316 927 1365 969 ὡς
1389 925 1596 971 Ἑλλάνικος
1615 927 1736 974 οἴεται,
1764 927 1833 966 ἀπὸ
1860 932 1919 966 τοῦ
1945 927 2071 981 ταύρου
2090 929 2154 975 τὴν
2173 931 2248 968 ὀνο-

1227 982 1358 1033 μασίαν
1381 983 1512 1031 ταύτην
1533 984 1648 1037 ἔσχεν,
1669 985 1780 1024 ἐκεῖνό
1797 987 1829 1038 γ’
1850 987 1884 1031 ἐξ
1908 988 2036 1040 ἀμφοῖν
2057 988 2177 1035 δῆλον,
2194 986 2247 1026 ὅτι

1226 1039 1316 1086 κατὰ
1328 1040 1392 1088 τὴν
1408 1041 1622 1096 Ἡρακλέους
1630 1043 1783 1094 ἡλικίαν,
1800 1043 1822 1091 ἢ
1838 1047 1953 1098 μικρῷ
1965 1044 2127 1098 πρόσθεν,
2141 1045 2248 1090 οὕτως

1223 1099 1421 1150 ὠνομάσθη.
1665 1133 1669 1138 .

1276 1206 1409 1255 Steph.
1430 1209 1539 1257 Byz.:
1555 1205 1724 1260 Ἄὸδηρα,
1743 1207 1859 1252 πόλεις
1879 1206 1950 1246 δύο·
1969 1211 1991 1255 ἡ
2009 1207 2072 1260 μὲν
2089 1209 2250 1263 Θρᾴκης,

1222 1261 1292 1299 ἀπὸ
1308 1261 1476 1316 Ἀὅδήρου
1491 1267 1552 1301 τοῦ
1571 1266 1645 1303 υἱοῦ
1665 1265 1815 1318 Ἠρίμου
1836 1267 1921 1318 (leg.
1942 1266 2093 1319 Ἑρμοῦ)
2106 1297 2116 1314 ,
2140 1267 2249 1321 Ἥρα-

1222 1318 1342 1363 κλέους
1358 1320 1545 1373 ἐρωμένου,
1564 1321 1600 1360 ὃν
1622 1324 1658 1360 αἱ
1676 1323 1869 1374 Διομήδους
1884 1322 1987 1362 ἵπποι
2005 1325 2250 1372 διεσπάσαντο,

1223 1378 1268 1420 ὡς
1288 1376 1494 1422 Ἑλλάνικος
1527 1379 1586 1418 καὶΙ
1617 1378 1717 1418 ἄλλοι
1742 1381 1860 1435 φασίν.

1223 1553 1246 1591 λ
1259 1496 1459 1567 ,ὃτθρῑιεια
1474 1499 1564 1548 Byz.
1580 1512 1588 1534 :
1606 1439 1859 1545 Αἷπείῗιῗπόλις
1926 1499 2090 1552 Κρήτης,
2103 1502 2150 1545 ὡς
2165 1500 2251 1539 Ἓλ-

1248 1568 1374 1597 ανικος.

1277 1660 1408 1711 Steph.
1431 1663 1521 1711 Byz.
1539 1660 1777 1713 ιΘεστίδειον,
1802 1660 1901 1706 πόλις
1928 1663 2146 1711 Θεσσαλική.
2165 1662 2250 1704 Ἕλ-

1223 1718 1363 1762 λάνικος
1380 1719 1416 1757 δὲ
1434 1718 1517 1772 δίχα
1533 1723 1593 1757 τοῦ
1614 1734 1635 1757 σ
1654 1720 1772 1773 φησὶν,
1793 1721 1863 1759 ἀπὸ
1881 1721 2035 1765 Θέτιδος.

1697 1779 1783 1818 lOl.

1278 1833 1424 1868 Auctor
1440 1831 1654 1882 Συναγωγῆς
1670 1830 1795 1875 λέξεων
1815 1831 2015 1884 χρησίμων,
2036 1833 2076 1870 in
2091 1834 2251 1872 Bekkeri

1223 1889 1366 1926 Anecd.
1383 1902 1421 1939 p.
1441 1889 1529 1936 362,
1551 1896 1597 1934 24
1615 1905 1624 1927 τ
1646 1883 1758 1941 Αἶμον
1776 1889 1816 1928 τὸ
1839 1889 1915 1942 ὅρος
1932 1889 2118 1941 οὐδετέρως
2133 1890 2252 1930 Ἑκα-

1221 1951 1317 1990 ταῖος
1345 1945 1402 1985 διὰ
1419 1947 1566 1995 παντὸς,
1584 1947 1644 1987 καὶ
1668 1947 1868 1997 Διονύσιος,
1888 1948 1947 1986 καὶ
1967 1947 2173 1994 Ἑλλάνικος
2189 1949 2250 1989 καὶ

1224 2003 1384 2050 Εὔδοξος.

1694 2059 1779 2097 102.

1276 2112 1409 2162 Steph.
1434 2115 1542 2162 Byzx
1562 2110 1724 2160 Ἀκέλης,
1741 2112 1841 2156 πόλις
1860 2112 2003 2156 Λυκίας.
2025 2112 2194 2164 .”..Εοικε
2213 2111 2249 2152 δὲ

1222 2166 1385 2220 λέγεσθαι
1401 2169 1470 2208 ἀπὸ
1486 2169 1626 2209 Ἀκέλου
1638 2204 1650 2225 ,
1685 2175 1743 2209 τοῦ
1763 2170 1975 2225 ἹΙρακλεόυς
2002 2171 2062 2210 καὶ
2093 2171 2251 2217 Μάλιδος

1227 2277 1335 2308 autem
1354 2278 1510 2318 temporis
1523 2286 1694 2319 progressu
1712 2287 1831 2310 nomen
1848 2278 1934 2310 istud
1950 2278 1984 2309 in
2003 2287 2074 2311 eam
2091 2278 2245 2320 sormam,

1226 2332 1323 2364 quam
1339 2333 1427 2356 nunc
1445 2325 1560 2365 habet,
1583 2327 1744 2357 mutatum
1762 2325 1860 2357 fuerit
1871 2348 1880 2364 ,
1893 2334 1958 2356 non
1974 2327 2024 2357 est
2039 2325 2222 2357 mirandum
2239 2335 2248 2358 :

1226 2371 1302 2411 quia
1313 2371 1424 2403 multis
1437 2371 1535 2404 etiam
1548 2371 1670 2404 Graecis
1683 2371 1870 2404 nominibus
1884 2371 1970 2404 idem
1980 2372 2107 2404 accidit.
2117 2374 2251 2404 Verum·

1223 2418 1332 2449 tamen
1347 2418 1427 2457 sive,
1442 2421 1478 2450 ut
1494 2419 1672 2451 Antiochus
1688 2419 1745 2458 ait,
1759 2427 1778 2450 a
1790 2419 1872 2451 duce
1883 2418 1980 2459 (quod
1997 2418 2094 2450 etiam
2111 2418 2250 2451 fortasse

1223 2464 1430 2498 verisimilius
1441 2466 1564 2506 suerit),
1579 2466 1658 2506 sive,
1675 2467 1712 2498 ut
1727 2467 1820 2506 putat
1838 2465 2032 2505 Hellanicus,
2049 2474 2069 2498 a
2080 2465 2182 2497 vitulo
2194 2474 2250 2497 no·

1225 2519 1298 2542 men
1317 2511 1378 2544 hoc
1398 2513 1574 2553 acceperit,
1597 2511 1676 2544 illud
1698 2514 1783 2544 certe
1803 2521 1844 2544 ex
1864 2511 2034 2544 amborum
2057 2513 2250 2544 auctoritate

1224 2559 1362 2598 constat,
1382 2559 1528 2591 Herculis
1544 2560 1650 2598 aetate,
1662 2561 1719 2590 aut
1736 2557 1832 2599 paulo
1847 2560 1922 2590 ante
1938 2559 1983 2590 ita
1995 2558 2204 2590 nominatam.

1259 2656 1404 2697 Abdera;
1421 2657 1494 2689 duae
1509 2659 1584 2689 sunt
1599 2657 1697 2698 hujus
1713 2657 1854 2690 nominis
1873 2658 1979 2697 urbes,
1996 2666 2132 2698 quarum
2149 2657 2249 2690 altera

1225 2702 1258 2734 in
1275 2704 1409 2735 Thracia
1421 2705 1550 2736 condita
1565 2706 1614 2736 est
1626 2703 1666 2735 ab
1682 2704 1834 2737 Abderita
1847 2729 1856 2745 ,
1870 2705 1971 2736 Erimi
1987 2704 2051 2736 filio
2066 2727 2076 2743 ‚
2099 2704 2247 2736 Herculis

1226 2750 1358 2790 amasio,
1376 2759 1472 2791 quem
1489 2751 1648 2783 Diomedis
1664 2760 1756 2792 equae
1772 2751 1994 2792 diripuerunt,
2013 2753 2050 2783 ut
2059 2751 2244 2783 Hellanicus

1226 2799 1258 2828 et
1270 2797 1323 2828 alii
1340 2799 1482 2830 narrant.

1267 2898 1385 2937 AEpea,
1404 2897 1518 2928 civitas
1537 2898 1659 2937 Cretae,
1680 2900 1810 2929 auctore
1822 2897 1997 2929 Hellanico.

1265 3001 1466 3033 Thestidium
1478 3026 1486 3040 ‚
1499 3001 1578 3033 urbs
1593 2951 1786 3034 Tlnesslliga.
1802 3002 1986 3034 Hellanicus
2003 3009 2116 3033 vocem
2141 3002 2211 3034 sine
2228 3010 2245 3046 a

1226 3049 1356 3090 scribit,
1369 3051 1402 3082 et
1416 3059 1435 3081 a
1448 3049 1581 3082 Thetide
1597 3050 1737 3082 deducit.

1265 3157 1398 3187 Haemus
1411 3163 1504 3187 mons
1523 3154 1608 3196 apud
1624 3157 1807 3187 Hecataeum
1821 3163 1947 3195 semper
1968 3154 2119 3186 scribitur
2131 3155 2245 3186 neutro

1224 3210 1335 3241 genere
1358 3202 1473 3243 Αἷμον,
1497 3201 1573 3234 item
1592 3201 1679 3243 apud
1699 3201 1890 3241 Dionysium
1904 3224 1913 3240 ,
1937 3200 2158 3236 Hellanicum‚
2183 3202 2244 3232 Eu-

1225 3248 1358 3280 doxum.

1690 3296 1703 3327 1
1714 3296 1760 3327 02
1767 3318 1776 3327 .

1258 3347 1380 3386 Aedes,
1396 3346 1548 3388 oppidum
1570 3347 1687 3387 Lyciae.
1760 3346 1898 3378 Videtur
1922 3349 2030 3377 autem
2055 3345 2100 3377 ita
2116 3344 2179 3377 dici
2201 3343 2242 3376 ab

1217 3393 1310 3426 Acele
1335 3393 1480 3427 Herculis
1495 3396 1527 3425 et
1542 3393 1678 3433 Malidis,
1693 3393 1864 3433 Omphales
1884 3393 2022 3432 famulae,
2047 3391 2122 3431 filio,
2138 3399 2233 3432 quem
