<?xml version="1.0" encoding="UTF-8"?>
<!DOCTYPE html PUBLIC "-//W3C//DTD XHTML 1.0 Transitional//EN"
    "http://www.w3.org/TR/xhtml1/DTD/xhtml1-transitional.dtd">
<html xmlns="http://www.w3.org/1999/xhtml" xml:lang="en" lang="en">
 <head>
  <title>
</title>
<meta http-equiv="Content-Type" content="text/html;charset=utf-8" />
  <meta name='ocr-system' content='tesseract 3.04.00' />
  <meta name='ocr-capabilities' content='ocr_page ocr_carea ocr_par ocr_line ocrx_word'/>
</head>
<body>
  <div class='ocr_page' id='page_1' title='image "./fragmentahistori01mueluoft_0491.png"; bbox 0 0 2320 3684; ppageno 0'>
   <div class='ocr_carea' id='block_1_1' title="bbox 770 115 1449 156">
    <p class='ocr_par' dir='ltr' id='par_1_1' title="bbox 770 115 1449 156">
     <span class='ocr_line' id='line_1_1' title="bbox 770 115 1449 156; baseline 0 -1"><span class='ocrx_word' id='word_1_1' title='bbox 770 115 1089 156; x_wconf 89' lang='lat' dir='ltr'><strong>PHILOCHORI</strong></span> <span class='ocrx_word' id='word_1_2' title='bbox 1117 116 1449 156; x_wconf 86' lang='lat' dir='ltr'><strong>FRAGMENTA.</strong></span> 
     </span>
    </p>
   </div>
   <div class='ocr_carea' id='block_1_2' title="bbox 1136 195 2167 255">
    <p class='ocr_par' dir='ltr' id='par_1_2' title="bbox 1136 195 2167 255">
     <span class='ocr_line' id='line_1_2' title="bbox 1136 195 2167 255; baseline -0.005 -15"><span class='ocrx_word' id='word_1_3' title='bbox 1136 202 1190 241; x_wconf 80' lang='grc' dir='ltr'><strong>σὶν</strong></span> <span class='ocrx_word' id='word_1_4' title='bbox 1209 203 1327 247; x_wconf 78' lang='grc' dir='ltr'>οὕτως·</span> <span class='ocrx_word' id='word_1_5' title='bbox 1346 222 1361 238; x_wconf 91' lang='lat'>«</span> <span class='ocrx_word' id='word_1_6' title='bbox 1373 202 1461 243; x_wconf 84' lang='grc' dir='ltr'>Ἐὰν</span> <span class='ocrx_word' id='word_1_7' title='bbox 1479 201 1516 241; x_wconf 89' lang='grc' dir='ltr'><strong>δέ</strong></span> <span class='ocrx_word' id='word_1_8' title='bbox 1530 218 1582 246; x_wconf 88' lang='grc' dir='ltr'><strong>τις</strong></span> <span class='ocrx_word' id='word_1_9' title='bbox 1597 204 1640 255; x_wconf 81' lang='grc' dir='ltr'><strong>τῇ</strong></span> <span class='ocrx_word' id='word_1_10' title='bbox 1658 200 1783 254; x_wconf 80' lang='grc' dir='ltr'>Ἀθηνᾷ</span> <span class='ocrx_word' id='word_1_11' title='bbox 1797 199 1860 253; x_wconf 88' lang='grc' dir='ltr'>θύῃ</span> <span class='ocrx_word' id='word_1_12' title='bbox 1874 201 1966 252; x_wconf 73' lang='grc' dir='ltr'>βοῦν,</span> <span class='ocrx_word' id='word_1_13' title='bbox 1979 195 2167 250; x_wconf 86' lang='grc' dir='ltr'>ἀναγκαῖόν</span> 
     </span>
    </p>
   </div>
   <div class='ocr_carea' id='block_1_3' title="bbox 535 202 596 241">
    <p class='ocr_par' dir='ltr' id='par_1_3' title="bbox 535 202 596 241">
     <span class='ocr_line' id='line_1_3' title="bbox 535 202 596 241; baseline 0.016 -1"><span class='ocrx_word' id='word_1_14' title='bbox 535 202 596 241; x_wconf 83' lang='lat'><strong>29.</strong></span> 
     </span>
    </p>
   </div>
   <div class='ocr_carea' id='block_1_4' title="bbox 2092 116 2166 150">
    <p class='ocr_par' dir='ltr' id='par_1_4' title="bbox 2092 116 2166 150">
     <span class='ocr_line' id='line_1_4' title="bbox 2092 116 2166 150; baseline -0.014 0"><span class='ocrx_word' id='word_1_15' title='bbox 2092 116 2166 150; x_wconf 82' lang='lat'><strong>389</strong></span> 
     </span>
    </p>
   </div>
   <div class='ocr_carea' id='block_1_5' title="bbox 52 256 2168 381">
    <p class='ocr_par' dir='ltr' id='par_1_5' title="bbox 52 256 2168 381">
     <span class='ocr_line' id='line_1_5' title="bbox 107 256 2168 316; baseline -0.008 -5"><span class='ocrx_word' id='word_1_16' title='bbox 107 275 192 310; x_wconf 88' lang='lat' dir='ltr'><strong>Nat.</strong></span> <span class='ocrx_word' id='word_1_17' title='bbox 230 274 335 311; x_wconf 88' lang='lat' dir='ltr'><strong>Com.</strong></span> <span class='ocrx_word' id='word_1_18' title='bbox 369 272 439 316; x_wconf 92' lang='lat'><strong>111,</strong></span> <span class='ocrx_word' id='word_1_19' title='bbox 473 269 542 306; x_wconf 82' lang='lat'><strong>16:</strong></span> <span class='ocrx_word' id='word_1_20' title='bbox 563 270 660 305; x_wconf 84' lang='lat' dir='ltr'><em>Erat</em></span> <span class='ocrx_word' id='word_1_21' title='bbox 690 266 824 304; x_wconf 81' lang='lat' dir='ltr'><strong>Iambe</strong></span> <span class='ocrx_word' id='word_1_22' title='bbox 863 271 1079 305; x_wconf 82' lang='lat' dir='ltr'><em>muliercula</em></span> <span class='ocrx_word' id='word_1_23' title='bbox 1138 263 1212 300; x_wconf 80' lang='grc' dir='ltr'>ἐστι</span> <span class='ocrx_word' id='word_1_24' title='bbox 1243 263 1304 301; x_wconf 80' lang='grc' dir='ltr'><strong>καὶ</strong></span> <span class='ocrx_word' id='word_1_25' title='bbox 1338 266 1381 315; x_wconf 84' lang='grc' dir='ltr'><strong>τῇ</strong></span> <span class='ocrx_word' id='word_1_26' title='bbox 1400 261 1578 315; x_wconf 70' lang='grc' dir='ltr'>Πανδώρᾳ</span> <span class='ocrx_word' id='word_1_27' title='bbox 1597 261 1701 311; x_wconf 89' lang='lat' dir='ltr'><strong>(edit.</strong></span> <span class='ocrx_word' id='word_1_28' title='bbox 1718 262 1832 300; x_wconf 87' lang='lat' dir='ltr'><strong>Bekk.</strong></span> <span class='ocrx_word' id='word_1_29' title='bbox 1849 257 2060 313; x_wconf 78' lang='grc' dir='ltr'>Πανδρόσῳ)</span> <span class='ocrx_word' id='word_1_30' title='bbox 2077 256 2168 312; x_wconf 81' lang='grc' dir='ltr'>θύειν</span> 
     </span>
     <span class='ocr_line' id='line_1_6' title="bbox 52 318 2069 381; baseline -0.006 -13"><span class='ocrx_word' id='word_1_31' title='bbox 52 333 229 381; x_wconf 87' lang='lat' dir='ltr'><strong>quoedam</strong></span> <span class='ocrx_word' id='word_1_32' title='bbox 248 331 463 379; x_wconf 84' lang='lat' dir='ltr'><strong>Meganiroe</strong></span> <span class='ocrx_word' id='word_1_33' title='bbox 482 326 705 378; x_wconf 88' lang='lat' dir='ltr'><strong>(Metanirae)</strong></span> <span class='ocrx_word' id='word_1_34' title='bbox 728 329 881 371; x_wconf 87' lang='lat' dir='ltr'><strong>ancilla,</strong></span> <span class='ocrx_word' id='word_1_35' title='bbox 909 328 1082 363; x_wconf 82' lang='lat' dir='ltr'><strong>at·tradi-</strong></span> <span class='ocrx_word' id='word_1_36' title='bbox 1138 319 1190 359; x_wconf 83' lang='grc' dir='ltr'>ὄϊν</span> <span class='ocrx_word' id='word_1_37' title='bbox 1205 320 1308 373; x_wconf 83' lang='grc' dir='ltr'>[μετὰ</span> <span class='ocrx_word' id='word_1_38' title='bbox 1326 321 1416 374; x_wconf 82' lang='grc' dir='ltr'>βοὸς]</span> <span class='ocrx_word' id='word_1_39' title='bbox 1429 353 1438 370; x_wconf 88' lang='grc'>,</span> <span class='ocrx_word' id='word_1_40' title='bbox 1456 321 1515 359; x_wconf 79' lang='grc' dir='ltr'><strong>καὶ</strong></span> <span class='ocrx_word' id='word_1_41' title='bbox 1532 322 1689 359; x_wconf 83' lang='grc' dir='ltr'>ἐκαλεῖτο</span> <span class='ocrx_word' id='word_1_42' title='bbox 1706 319 1746 358; x_wconf 85' lang='grc' dir='ltr'><strong>τὸ</strong></span> <span class='ocrx_word' id='word_1_43' title='bbox 1767 322 1860 370; x_wconf 81' lang='grc' dir='ltr'>θῦμα</span> <span class='ocrx_word' id='word_1_44' title='bbox 1880 318 2043 357; x_wconf 70' lang='grc' dir='ltr'>ἐπίδοιον.</span> <span class='ocrx_word' id='word_1_45' title='bbox 2055 336 2069 351; x_wconf 86' lang='lat'>»</span> 
     </span>
    </p>
   </div>
   <div class='ocr_carea' id='block_1_6' title="bbox 54 385 1088 611">
    <p class='ocr_par' dir='ltr' id='par_1_6' title="bbox 54 385 1088 611">
     <span class='ocr_line' id='line_1_7' title="bbox 55 385 1080 434; baseline -0.007 -7"><span class='ocrx_word' id='word_1_46' title='bbox 55 391 111 426; x_wconf 80' lang='lat' dir='ltr'><strong>dit</strong></span> <span class='ocrx_word' id='word_1_47' title='bbox 125 389 377 432; x_wconf 77' lang='lat' dir='ltr'><strong>Philochorus,</strong></span> <span class='ocrx_word' id='word_1_48' title='bbox 412 387 538 423; x_wconf 83' lang='lat' dir='ltr'><strong>Panos</strong></span> <span class='ocrx_word' id='word_1_49' title='bbox 553 394 591 422; x_wconf 85' lang='lat' dir='ltr'><strong>et</strong></span> <span class='ocrx_word' id='word_1_50' title='bbox 606 385 840 434; x_wconf 78' lang='lat' dir='ltr'><strong>Echasfilia‚</strong></span> <span class='ocrx_word' id='word_1_51' title='bbox 864 398 951 434; x_wconf 84' lang='lat' dir='ltr'><strong>qaoe</strong></span> <span class='ocrx_word' id='word_1_52' title='bbox 969 398 1080 434; x_wconf 82' lang='lat' dir='ltr'><strong>qaam</strong></span> 
     </span>
     <span class='ocr_line' id='line_1_8' title="bbox 54 446 1084 489; baseline -0.006 -4"><span class='ocrx_word' id='word_1_53' title='bbox 54 449 163 485; x_wconf 88' lang='lat' dir='ltr'><strong>deam</strong></span> <span class='ocrx_word' id='word_1_54' title='bbox 194 455 363 484; x_wconf 82' lang='lat' dir='ltr'><strong>moestam</strong></span> <span class='ocrx_word' id='word_1_55' title='bbox 382 447 536 489; x_wconf 80' lang='lat' dir='ltr'><strong>videret,</strong></span> <span class='ocrx_word' id='word_1_56' title='bbox 575 446 750 481; x_wconf 77' lang='lat' dir='ltr'><strong>ride‘calas</strong></span> <span class='ocrx_word' id='word_1_57' title='bbox 784 446 1084 480; x_wconf 80' lang='lat' dir='ltr'><em>narratiunculas</em></span> 
     </span>
     <span class='ocr_line' id='line_1_9' title="bbox 55 503 1088 544; baseline -0.005 -1"><span class='ocrx_word' id='word_1_58' title='bbox 55 515 94 544; x_wconf 84' lang='lat' dir='ltr'><strong>et</strong></span> <span class='ocrx_word' id='word_1_59' title='bbox 104 509 203 543; x_wconf 83' lang='lat' dir='ltr'><strong>sales</strong></span> <span class='ocrx_word' id='word_1_60' title='bbox 221 504 375 542; x_wconf 84' lang='lat' dir='ltr'><strong>iambico</strong></span> <span class='ocrx_word' id='word_1_61' title='bbox 398 512 510 541; x_wconf 79' lang='lat' dir='ltr'><strong>metro</strong></span> <span class='ocrx_word' id='word_1_62' title='bbox 526 505 581 539; x_wconf 90' lang='lat' dir='ltr'><strong>ad</strong></span> <span class='ocrx_word' id='word_1_63' title='bbox 596 503 888 540; x_wconf 80' lang='lat' dir='ltr'><em>commovendam</em></span> <span class='ocrx_word' id='word_1_64' title='bbox 902 504 1011 539; x_wconf 88' lang='lat' dir='ltr'><strong>deam</strong></span> <span class='ocrx_word' id='word_1_65' title='bbox 1033 503 1088 538; x_wconf 87' lang='lat' dir='ltr'><strong>ad</strong></span> 
     </span>
     <span class='ocr_line' id='line_1_10' title="bbox 55 561 959 611; baseline -0.004 -9"><span class='ocrx_word' id='word_1_66' title='bbox 55 569 167 602; x_wconf 74' lang='lat' dir='ltr'><strong>n&#39;sum</strong></span> <span class='ocrx_word' id='word_1_67' title='bbox 180 574 218 602; x_wconf 83' lang='lat' dir='ltr'><strong>et</strong></span> <span class='ocrx_word' id='word_1_68' title='bbox 231 566 285 601; x_wconf 89' lang='lat' dir='ltr'><strong>ad</strong></span> <span class='ocrx_word' id='word_1_69' title='bbox 296 564 500 600; x_wconf 80' lang='lat' dir='ltr'><strong>sedandam</strong></span> <span class='ocrx_word' id='word_1_70' title='bbox 517 564 676 599; x_wconf 90' lang='lat' dir='ltr'><strong>dolorem</strong></span> <span class='ocrx_word' id='word_1_71' title='bbox 695 561 959 611; x_wconf 82' lang='lat' dir='ltr'><em>interponebat.</em></span> 
     </span>
    </p>
   </div>
   <div class='ocr_carea' id='block_1_7' title="bbox 108 619 1084 672">
    <p class='ocr_par' dir='ltr' id='par_1_7' title="bbox 108 619 1084 672">
     <span class='ocr_line' id='line_1_11' title="bbox 108 619 1084 672; baseline -0.005 -10"><span class='ocrx_word' id='word_1_72' title='bbox 108 627 154 662; x_wconf 88' lang='lat' dir='ltr'><strong>In</strong></span> <span class='ocrx_word' id='word_1_73' title='bbox 183 623 316 662; x_wconf 83' lang='lat' dir='ltr'><strong>&#39;Schol.</strong></span> <span class='ocrx_word' id='word_1_74' title='bbox 344 622 392 660; x_wconf 86' lang='lat' dir='ltr'><strong>ad</strong></span> <span class='ocrx_word' id='word_1_75' title='bbox 415 621 596 660; x_wconf 88' lang='lat' dir='ltr'><strong>Nicandr.</strong></span> <span class='ocrx_word' id='word_1_76' title='bbox 630 622 691 659; x_wconf 78' lang='lat' dir='ltr'><strong>Al.</strong></span> <span class='ocrx_word' id='word_1_77' title='bbox 719 622 792 659; x_wconf 82' lang='lat'><strong>130</strong></span> <span class='ocrx_word' id='word_1_78' title='bbox 817 619 921 658; x_wconf 86' lang='lat' dir='ltr'><strong>etad</strong></span> <span class='ocrx_word' id='word_1_79' title='bbox 951 621 1084 672; x_wconf 90' lang='lat' dir='ltr'><strong>Eurip.</strong></span> 
     </span>
    </p>
   </div>
   <div class='ocr_carea' id='block_1_8' title="bbox 1194 378 2007 418">
    <p class='ocr_par' dir='ltr' id='par_1_8' title="bbox 1194 378 2007 418">
     <span class='ocr_line' id='line_1_12' title="bbox 1194 378 2007 418; baseline -0.002 0"><span class='ocrx_word' id='word_1_80' title='bbox 1194 380 1337 418; x_wconf 86' lang='lat' dir='ltr'><strong>Eadem</strong></span> <span class='ocrx_word' id='word_1_81' title='bbox 1352 381 1495 418; x_wconf 84' lang='lat' dir='ltr'><strong>habent</strong></span> <span class='ocrx_word' id='word_1_82' title='bbox 1512 381 1677 418; x_wconf 81' lang='lat' dir='ltr'><strong>Phavor.</strong></span> <span class='ocrx_word' id='word_1_83' title='bbox 1699 387 1737 417; x_wconf 89' lang='lat' dir='ltr'><strong>et</strong></span> <span class='ocrx_word' id='word_1_84' title='bbox 1752 378 1857 417; x_wconf 91' lang='lat' dir='ltr'><strong>Suid.</strong></span> <span class='ocrx_word' id='word_1_85' title='bbox 1874 392 1902 416; x_wconf 81' lang='lat' dir='ltr'><strong>s.</strong></span> <span class='ocrx_word' id='word_1_86' title='bbox 1917 379 1954 416; x_wconf 93' lang='lat' dir='ltr'><strong>h.</strong></span> <span class='ocrx_word' id='word_1_87' title='bbox 1972 391 2007 416; x_wconf 92' lang='lat' dir='ltr'><strong>v.</strong></span> 
     </span>
    </p>
   </div>
   <div class='ocr_carea' id='block_1_9' title="bbox 1196 450 2171 563">
    <p class='ocr_par' dir='ltr' id='par_1_9' title="bbox 1196 450 2171 563">
     <span class='ocr_line' id='line_1_13' title="bbox 1196 450 2171 563; baseline -0.002 -18"><span class='ocrx_word' id='word_1_88' title='bbox 1196 511 1421 559; x_wconf 82' lang='lat' dir='ltr'><strong>Harpocrat.</strong></span> <span class='ocrx_word' id='word_1_89' title='bbox 1450 523 1486 547; x_wconf 89' lang='lat' dir='ltr'><strong>v.</strong></span> <span class='ocrx_word' id='word_1_90' title='bbox 1517 450 1740 563; x_wconf 60' lang='grc' dir='ltr'>Βοηδρῗὶῗιιαε</span> <span class='ocrx_word' id='word_1_91' title='bbox 1759 506 1889 562; x_wconf 81' lang='grc' dir='ltr'>Ἑορτή</span> <span class='ocrx_word' id='word_1_92' title='bbox 1912 522 1964 550; x_wconf 86' lang='grc' dir='ltr'><strong>τις</strong></span> <span class='ocrx_word' id='word_1_93' title='bbox 1987 504 2171 554; x_wconf 79' lang='grc' dir='ltr'>Ἀθήνησιν</span> 
     </span>
    </p>
   </div>
   <div class='ocr_carea' id='block_1_10' title="bbox 1143 564 2173 678">
    <p class='ocr_par' dir='ltr' id='par_1_10' title="bbox 1143 564 2173 678">
     <span class='ocr_line' id='line_1_14' title="bbox 1143 564 2173 621; baseline 0 -18"><span class='ocrx_word' id='word_1_94' title='bbox 1143 564 1236 603; x_wconf 76' lang='grc' dir='ltr'>οὕτω</span> <span class='ocrx_word' id='word_1_95' title='bbox 1255 566 1472 618; x_wconf 83' lang='grc' dir='ltr'>καλουμένη,</span> <span class='ocrx_word' id='word_1_96' title='bbox 1489 567 1531 614; x_wconf 84' lang='grc' dir='ltr'>ἥν</span> <span class='ocrx_word' id='word_1_97' title='bbox 1549 583 1634 621; x_wconf 87' lang='grc' dir='ltr'>φησι</span> <span class='ocrx_word' id='word_1_98' title='bbox 1652 566 1850 620; x_wconf 82' lang='grc' dir='ltr'>Φιλόχορος</span> <span class='ocrx_word' id='word_1_99' title='bbox 1869 567 1904 605; x_wconf 80' lang='grc' dir='ltr'>ἐν</span> <span class='ocrx_word' id='word_1_100' title='bbox 1921 564 2065 620; x_wconf 80' lang='grc' dir='ltr'>δευτέρᾳ</span> <span class='ocrx_word' id='word_1_101' title='bbox 2080 579 2173 604; x_wconf 87' lang='grc' dir='ltr'>νενο-</span> 
     </span>
     <span class='ocr_line' id='line_1_15' title="bbox 1146 624 2173 678; baseline 0.002 -16"><span class='ocrx_word' id='word_1_102' title='bbox 1146 624 1284 675; x_wconf 88' lang='grc' dir='ltr'>μίσθαι,</span> <span class='ocrx_word' id='word_1_103' title='bbox 1304 624 1422 672; x_wconf 80' lang='grc' dir='ltr'>ἐπειδὴ</span> <span class='ocrx_word' id='word_1_104' title='bbox 1446 625 1529 665; x_wconf 86' lang='grc' dir='ltr'><strong>Ἴων</strong></span> <span class='ocrx_word' id='word_1_105' title='bbox 1547 629 1565 664; x_wconf 82' lang='grc' dir='ltr'>ὁ</span> <span class='ocrx_word' id='word_1_106' title='bbox 1586 626 1723 665; x_wconf 83' lang='grc' dir='ltr'>Ξούθου</span> <span class='ocrx_word' id='word_1_107' title='bbox 1748 626 1918 674; x_wconf 75' lang='grc' dir='ltr'>ἐὸοήθησε</span> <span class='ocrx_word' id='word_1_108' title='bbox 1944 626 2078 678; x_wconf 80' lang='grc' dir='ltr'>σπουδῇ</span> <span class='ocrx_word' id='word_1_109' title='bbox 2104 640 2173 664; x_wconf 70' lang='grc' dir='ltr'>πο-</span> 
     </span>
    </p>
   </div>
   <div class='ocr_carea' id='block_1_11' title="bbox 55 680 2171 736">
    <p class='ocr_par' dir='ltr' id='par_1_11' title="bbox 55 680 2171 736">
     <span class='ocr_line' id='line_1_16' title="bbox 55 680 2171 736; baseline 0.001 -15"><span class='ocrx_word' id='word_1_110' title='bbox 55 685 120 721; x_wconf 89' lang='lat' dir='ltr'><strong>Or.</strong></span> <span class='ocrx_word' id='word_1_111' title='bbox 143 683 218 732; x_wconf 82' lang='lat'><strong>692</strong></span> <span class='ocrx_word' id='word_1_112' title='bbox 246 681 378 720; x_wconf 84' lang='lat' dir='ltr'><strong>eadem</strong></span> <span class='ocrx_word' id='word_1_113' title='bbox 400 681 631 729; x_wconf 77' lang='lat' dir='ltr'><strong>referuntur,</strong></span> <span class='ocrx_word' id='word_1_114' title='bbox 651 680 718 718; x_wconf 91' lang='lat' dir='ltr'><strong>sed</strong></span> <span class='ocrx_word' id='word_1_115' title='bbox 737 680 959 718; x_wconf 86' lang='lat' dir='ltr'><strong>Philochori</strong></span> <span class='ocrx_word' id='word_1_116' title='bbox 982 680 1088 717; x_wconf 81' lang='lat' dir='ltr'><strong>nulla</strong></span> <span class='ocrx_word' id='word_1_117' title='bbox 1115 699 1119 707; x_wconf 81' lang='grc'><em>·</em></span> <span class='ocrx_word' id='word_1_118' title='bbox 1145 682 1370 735; x_wconf 83' lang='grc' dir='ltr'>λεμουμένοις</span> <span class='ocrx_word' id='word_1_119' title='bbox 1391 684 1584 731; x_wconf 87' lang='grc' dir='ltr'>Ἀθηναίοις</span> <span class='ocrx_word' id='word_1_120' title='bbox 1603 685 1670 724; x_wconf 79' lang='grc' dir='ltr'><strong>ὑπὸ</strong></span> <span class='ocrx_word' id='word_1_121' title='bbox 1687 684 1880 736; x_wconf 77' lang='grc' dir='ltr'>Εὐμόλπου</span> <span class='ocrx_word' id='word_1_122' title='bbox 1909 689 1970 723; x_wconf 82' lang='grc' dir='ltr'><strong>τοῦ</strong></span> <span class='ocrx_word' id='word_1_123' title='bbox 1987 685 2171 724; x_wconf 78' lang='grc' dir='ltr'>Ποσειδῶ-</span> 
     </span>
    </p>
   </div>
   <div class='ocr_carea' id='block_1_12' title="bbox 55 740 602 840">
    <p class='ocr_par' dir='ltr' id='par_1_12' title="bbox 55 740 602 840">
     <span class='ocr_line' id='line_1_17' title="bbox 55 740 275 779; baseline -0.005 0"><span class='ocrx_word' id='word_1_124' title='bbox 55 741 96 779; x_wconf 88' lang='lat' dir='ltr'><strong>fit</strong></span> <span class='ocrx_word' id='word_1_125' title='bbox 119 740 275 779; x_wconf 89' lang='lat' dir='ltr'><strong>mentio.</strong></span> 
     </span>
     <span class='ocr_line' id='line_1_18' title="bbox 541 801 602 840; baseline -0.016 0"><span class='ocrx_word' id='word_1_126' title='bbox 541 801 602 840; x_wconf 87' lang='lat'><strong>30.</strong></span> 
     </span>
    </p>
   </div>
   <div class='ocr_carea' id='block_1_13' title="bbox 1145 741 1710 796">
    <p class='ocr_par' dir='ltr' id='par_1_13' title="bbox 1145 741 1710 796">
     <span class='ocr_line' id='line_1_19' title="bbox 1145 741 1710 796; baseline 0.005 -16"><span class='ocrx_word' id='word_1_127' title='bbox 1145 757 1201 786; x_wconf 91' lang='grc' dir='ltr'><strong>νος</strong></span> <span class='ocrx_word' id='word_1_128' title='bbox 1214 773 1224 790; x_wconf 86' lang='grc'>,</span> <span class='ocrx_word' id='word_1_129' title='bbox 1244 741 1440 796; x_wconf 87' lang='grc' dir='ltr'>Ἐρεχθέως</span> <span class='ocrx_word' id='word_1_130' title='bbox 1461 743 1710 794; x_wconf 84' lang='grc' dir='ltr'>βασιλεύοντος.</span> 
     </span>
    </p>
   </div>
   <div class='ocr_carea' id='block_1_14' title="bbox 1199 802 2177 856">
    <p class='ocr_par' dir='ltr' id='par_1_14' title="bbox 1199 802 2177 856">
     <span class='ocr_line' id='line_1_20' title="bbox 1199 802 2177 856; baseline 0.001 -17"><span class='ocrx_word' id='word_1_131' title='bbox 1199 802 1337 840; x_wconf 89' lang='lat' dir='ltr'><strong>Suidas</strong></span> <span class='ocrx_word' id='word_1_132' title='bbox 1380 816 1418 841; x_wconf 91' lang='lat' dir='ltr'><strong>v.</strong></span> <span class='ocrx_word' id='word_1_133' title='bbox 1454 802 1655 856; x_wconf 85' lang='grc' dir='ltr'>Βοηδρόμια</span> <span class='ocrx_word' id='word_1_134' title='bbox 1685 817 1733 841; x_wconf 85' lang='lat' dir='ltr'><strong>ex</strong></span> <span class='ocrx_word' id='word_1_135' title='bbox 1762 804 2066 855; x_wconf 86' lang='lat' dir='ltr'><strong>Harpocratione</strong></span> <span class='ocrx_word' id='word_1_136' title='bbox 2096 803 2177 841; x_wconf 86' lang='lat' dir='ltr'><strong>haec</strong></span> 
     </span>
    </p>
   </div>
   <div class='ocr_carea' id='block_1_15' title="bbox 110 859 2122 913">
    <p class='ocr_par' dir='ltr' id='par_1_15' title="bbox 110 859 2122 913">
     <span class='ocr_line' id='line_1_21' title="bbox 110 859 2122 913; baseline -0 -12"><span class='ocrx_word' id='word_1_137' title='bbox 110 862 273 913; x_wconf 88' lang='lat' dir='ltr'><strong>Syncell.</strong></span> <span class='ocrx_word' id='word_1_138' title='bbox 297 861 441 900; x_wconf 91' lang='lat' dir='ltr'><strong>Chron.</strong></span> <span class='ocrx_word' id='word_1_139' title='bbox 460 874 497 912; x_wconf 85' lang='lat' dir='ltr'><strong>p.</strong></span> <span class='ocrx_word' id='word_1_140' title='bbox 532 862 619 907; x_wconf 82' lang='lat'><strong>161,</strong></span> <span class='ocrx_word' id='word_1_141' title='bbox 652 865 683 898; x_wconf 86' lang='grc' dir='ltr'><strong>Α</strong></span> <span class='ocrx_word' id='word_1_142' title='bbox 704 874 712 897; x_wconf 90' lang='lat'>:</span> <span class='ocrx_word' id='word_1_143' title='bbox 734 859 932 913; x_wconf 85' lang='grc' dir='ltr'>Ἐρεχθέως</span> <span class='ocrx_word' id='word_1_144' title='bbox 963 860 1088 899; x_wconf 89' lang='grc' dir='ltr'>τούτου</span> <span class='ocrx_word' id='word_1_145' title='bbox 1148 861 1401 912; x_wconf 86' lang='lat' dir='ltr'><strong>transcripsit,</strong></span> <span class='ocrx_word' id='word_1_146' title='bbox 1422 861 1489 899; x_wconf 87' lang='lat' dir='ltr'><strong>sed</strong></span> <span class='ocrx_word' id='word_1_147' title='bbox 1502 862 1772 900; x_wconf 90' lang='lat' dir='ltr'><strong>Philochorum</strong></span> <span class='ocrx_word' id='word_1_148' title='bbox 1792 877 1871 900; x_wconf 89' lang='lat' dir='ltr'><strong>non</strong></span> <span class='ocrx_word' id='word_1_149' title='bbox 1897 862 2122 900; x_wconf 85' lang='lat' dir='ltr'><strong>nominavit.</strong></span> 
     </span>
    </p>
   </div>
   <div class='ocr_carea' id='block_1_16' title="bbox 56 918 1095 2155">
    <p class='ocr_par' dir='ltr' id='par_1_16' title="bbox 56 918 1091 1093">
     <span class='ocr_line' id='line_1_22' title="bbox 57 918 1087 975; baseline -0.001 -16"><span class='ocrx_word' id='word_1_150' title='bbox 57 919 237 975; x_wconf 82' lang='grc' dir='ltr'>θυγατέρα</span> <span class='ocrx_word' id='word_1_151' title='bbox 266 918 416 974; x_wconf 87' lang='grc' dir='ltr'>Βορέας,</span> <span class='ocrx_word' id='word_1_152' title='bbox 451 919 522 963; x_wconf 79' lang='grc' dir='ltr'>υἱὸς</span> <span class='ocrx_word' id='word_1_153' title='bbox 559 918 741 972; x_wconf 83' lang='grc' dir='ltr'>Ἀστραίου</span> <span class='ocrx_word' id='word_1_154' title='bbox 754 950 764 968; x_wconf 88' lang='grc'>,</span> <span class='ocrx_word' id='word_1_155' title='bbox 803 918 904 973; x_wconf 80' lang='grc' dir='ltr'>Θρᾲξ</span> <span class='ocrx_word' id='word_1_156' title='bbox 930 919 1087 974; x_wconf 84' lang='grc' dir='ltr'>ἥρπασεν</span> 
     </span>
     <span class='ocr_line' id='line_1_23' title="bbox 57 977 1091 1034; baseline 0 -16"><span class='ocrx_word' id='word_1_157' title='bbox 57 978 265 1034; x_wconf 85' lang='grc' dir='ltr'>Ὠρείθυιαν.</span> <span class='ocrx_word' id='word_1_158' title='bbox 276 978 324 1019; x_wconf 84' lang='lat' dir='ltr'><strong>‘O</strong></span> <span class='ocrx_word' id='word_1_159' title='bbox 342 977 378 1016; x_wconf 84' lang='grc' dir='ltr'><strong>δὲ</strong></span> <span class='ocrx_word' id='word_1_160' title='bbox 396 980 501 1029; x_wconf 81' lang='grc' dir='ltr'>μῦθος</span> <span class='ocrx_word' id='word_1_161' title='bbox 514 977 573 1016; x_wconf 85' lang='grc' dir='ltr'><strong>τὸν</strong></span> <span class='ocrx_word' id='word_1_162' title='bbox 587 977 714 1030; x_wconf 87' lang='grc' dir='ltr'>ἄνεμον</span> <span class='ocrx_word' id='word_1_163' title='bbox 731 982 796 1026; x_wconf 90' lang='lat' dir='ltr'><strong>(sc.</strong></span> <span class='ocrx_word' id='word_1_164' title='bbox 815 978 941 1031; x_wconf 83' lang='grc' dir='ltr'>δηλοῖ),</span> <span class='ocrx_word' id='word_1_165' title='bbox 958 980 1004 1023; x_wconf 85' lang='grc' dir='ltr'><strong>ὡς</strong></span> <span class='ocrx_word' id='word_1_166' title='bbox 1020 980 1091 1018; x_wconf 88' lang='grc' dir='ltr'><strong>Φι-</strong></span> 
     </span>
     <span class='ocr_line' id='line_1_24' title="bbox 56 1037 554 1093; baseline -0.002 -16"><span class='ocrx_word' id='word_1_167' title='bbox 56 1037 202 1093; x_wconf 86' lang='grc' dir='ltr'>λόχορος</span> <span class='ocrx_word' id='word_1_168' title='bbox 217 1039 252 1077; x_wconf 84' lang='grc' dir='ltr'>ἐν</span> <span class='ocrx_word' id='word_1_169' title='bbox 269 1037 417 1092; x_wconf 85' lang='grc' dir='ltr'>δευτέρῳ</span> <span class='ocrx_word' id='word_1_170' title='bbox 438 1037 554 1091; x_wconf 87' lang='grc' dir='ltr'>φησίν.</span> 
     </span>
    </p>

    <p class='ocr_par' dir='ltr' id='par_1_17' title="bbox 61 1152 1095 2155">
     <span class='ocr_line' id='line_1_25' title="bbox 112 1152 1090 1206; baseline -0.001 -12"><span class='ocrx_word' id='word_1_171' title='bbox 112 1156 238 1194; x_wconf 87' lang='lat' dir='ltr'><strong>Schol.</strong></span> <span class='ocrx_word' id='word_1_172' title='bbox 250 1155 368 1206; x_wconf 89' lang='lat' dir='ltr'><strong>Soph.</strong></span> <span class='ocrx_word' id='word_1_173' title='bbox 386 1155 484 1194; x_wconf 91' lang='lat' dir='ltr'><strong>OEd.</strong></span> <span class='ocrx_word' id='word_1_174' title='bbox 500 1155 581 1194; x_wconf 86' lang='lat' dir='ltr'><strong>Col.</strong></span> <span class='ocrx_word' id='word_1_175' title='bbox 597 1152 890 1204; x_wconf 65' lang='grc' dir='ltr'>993Πολέμων...</span> <span class='ocrx_word' id='word_1_176' title='bbox 905 1154 964 1193; x_wconf 85' lang='grc' dir='ltr'><strong>καὶ</strong></span> <span class='ocrx_word' id='word_1_177' title='bbox 973 1154 1090 1198; x_wconf 85' lang='grc' dir='ltr'>ἄλλοις</span> 
     </span>
     <span class='ocr_line' id='line_1_26' title="bbox 63 1211 1088 1268; baseline 0 -16"><span class='ocrx_word' id='word_1_178' title='bbox 63 1214 137 1253; x_wconf 79' lang='grc' dir='ltr'>τισὶ</span> <span class='ocrx_word' id='word_1_179' title='bbox 153 1217 240 1258; x_wconf 84' lang='grc' dir='ltr'>θεοῖς</span> <span class='ocrx_word' id='word_1_180' title='bbox 258 1212 446 1264; x_wconf 83' lang='grc' dir='ltr'>νηφαλίους</span> <span class='ocrx_word' id='word_1_181' title='bbox 466 1212 551 1267; x_wconf 79' lang='grc' dir='ltr'>φησὶ</span> <span class='ocrx_word' id='word_1_182' title='bbox 574 1211 694 1257; x_wconf 81' lang='grc' dir='ltr'>θυσίας</span> <span class='ocrx_word' id='word_1_183' title='bbox 719 1211 921 1264; x_wconf 85' lang='grc' dir='ltr'>γίγνεσθαι,</span> <span class='ocrx_word' id='word_1_184' title='bbox 946 1214 1088 1268; x_wconf 86' lang='grc' dir='ltr'>γράφων</span> 
     </span>
     <span class='ocr_line' id='line_1_27' title="bbox 61 1271 1092 1326; baseline -0.001 -13"><span class='ocrx_word' id='word_1_185' title='bbox 61 1273 189 1318; x_wconf 74' lang='grc' dir='ltr'>οὕτως·</span> <span class='ocrx_word' id='word_1_186' title='bbox 211 1273 390 1321; x_wconf 84' lang='grc' dir='ltr'>Ἀθηναῖοί</span> <span class='ocrx_word' id='word_1_187' title='bbox 412 1288 451 1311; x_wconf 91' lang='grc' dir='ltr'><strong>τε</strong></span> <span class='ocrx_word' id='word_1_188' title='bbox 476 1271 542 1326; x_wconf 87' lang='grc' dir='ltr'>γὰρ</span> <span class='ocrx_word' id='word_1_189' title='bbox 565 1274 600 1311; x_wconf 83' lang='grc' dir='ltr'>ἐν</span> <span class='ocrx_word' id='word_1_190' title='bbox 622 1278 693 1316; x_wconf 87' lang='grc' dir='ltr'>τοῖς</span> <span class='ocrx_word' id='word_1_191' title='bbox 719 1271 887 1316; x_wconf 86' lang='grc' dir='ltr'>τοιούτοις</span> <span class='ocrx_word' id='word_1_192' title='bbox 916 1275 1092 1325; x_wconf 83' lang='grc' dir='ltr'>ἐπιμελεῖς</span> 
     </span>
     <span class='ocr_line' id='line_1_28' title="bbox 61 1332 1092 1389; baseline -0.001 -15"><span class='ocrx_word' id='word_1_193' title='bbox 61 1334 155 1380; x_wconf 81' lang='grc' dir='ltr'>ὄντες</span> <span class='ocrx_word' id='word_1_194' title='bbox 167 1365 176 1383; x_wconf 89' lang='grc'>,</span> <span class='ocrx_word' id='word_1_195' title='bbox 195 1334 313 1373; x_wconf 79' lang='grc' dir='ltr'>καὶτὰ</span> <span class='ocrx_word' id='word_1_196' title='bbox 326 1335 410 1388; x_wconf 77' lang='grc' dir='ltr'>πρὸς</span> <span class='ocrx_word' id='word_1_197' title='bbox 425 1332 505 1377; x_wconf 74' lang='grc' dir='ltr'>τοὺς</span> <span class='ocrx_word' id='word_1_198' title='bbox 521 1332 617 1377; x_wconf 82' lang='grc' dir='ltr'>θεοὺς</span> <span class='ocrx_word' id='word_1_199' title='bbox 633 1332 740 1380; x_wconf 80' lang='grc' dir='ltr'>ὅσιοι,</span> <span class='ocrx_word' id='word_1_200' title='bbox 760 1332 916 1386; x_wconf 83' lang='grc' dir='ltr'>νηφάλια</span> <span class='ocrx_word' id='word_1_201' title='bbox 933 1335 996 1385; x_wconf 85' lang='grc' dir='ltr'><strong>μὲν</strong></span> <span class='ocrx_word' id='word_1_202' title='bbox 1016 1335 1092 1389; x_wconf 83' lang='grc' dir='ltr'>ἱερὰ</span> 
     </span>
     <span class='ocr_line' id='line_1_29' title="bbox 61 1392 1091 1448; baseline -0.001 -14"><span class='ocrx_word' id='word_1_203' title='bbox 61 1395 202 1442; x_wconf 88' lang='grc' dir='ltr'>θύουσι,</span> <span class='ocrx_word' id='word_1_204' title='bbox 228 1394 471 1448; x_wconf 29' lang='grc' dir='ltr'>,Μνημοσύνῃ</span> <span class='ocrx_word' id='word_1_205' title='bbox 500 1393 651 1445; x_wconf 83' lang='grc' dir='ltr'>Μούσῃ,</span> <span class='ocrx_word' id='word_1_206' title='bbox 674 1393 776 1441; x_wconf 85' lang='grc' dir='ltr'>Ἠοῖ,</span> <span class='ocrx_word' id='word_1_207' title='bbox 811 1392 948 1447; x_wconf 83' lang='grc' dir='ltr'>Ἡλίῳ,</span> <span class='ocrx_word' id='word_1_208' title='bbox 976 1395 1091 1442; x_wconf 82' lang='grc' dir='ltr'>Σελή-</span> 
     </span>
     <span class='ocr_line' id='line_1_30' title="bbox 61 1451 1092 1509; baseline 0 -16"><span class='ocrx_word' id='word_1_209' title='bbox 61 1470 103 1508; x_wconf 82' lang='grc' dir='ltr'>νῃ</span> <span class='ocrx_word' id='word_1_210' title='bbox 118 1486 129 1504; x_wconf 92' lang='grc'>,</span> <span class='ocrx_word' id='word_1_211' title='bbox 149 1454 335 1509; x_wconf 85' lang='grc' dir='ltr'>Νύμφαις,</span> <span class='ocrx_word' id='word_1_212' title='bbox 359 1453 542 1508; x_wconf 82' lang='grc' dir='ltr'>Ἀφροδίτῃ</span> <span class='ocrx_word' id='word_1_213' title='bbox 561 1452 731 1507; x_wconf 71' lang='grc' dir='ltr'>Οὐρανία.</span> <span class='ocrx_word' id='word_1_214' title='bbox 752 1451 950 1507; x_wconf 82' lang='grc' dir='ltr'>Φιλόχορος</span> <span class='ocrx_word' id='word_1_215' title='bbox 976 1453 1012 1492; x_wconf 82' lang='grc' dir='ltr'><strong>δὲ</strong></span> <span class='ocrx_word' id='word_1_216' title='bbox 1032 1455 1092 1493; x_wconf 82' lang='grc' dir='ltr'><strong>καὶ</strong></span> 
     </span>
     <span class='ocr_line' id='line_1_31' title="bbox 61 1509 1091 1566; baseline 0.001 -15"><span class='ocrx_word' id='word_1_217' title='bbox 61 1512 142 1566; x_wconf 87' lang='grc' dir='ltr'>περί</span> <span class='ocrx_word' id='word_1_218' title='bbox 155 1528 258 1552; x_wconf 89' lang='grc' dir='ltr'>τινων</span> <span class='ocrx_word' id='word_1_219' title='bbox 278 1512 395 1552; x_wconf 87' lang='grc' dir='ltr'>ἄλλων</span> <span class='ocrx_word' id='word_1_220' title='bbox 410 1514 536 1550; x_wconf 86' lang='grc' dir='ltr'>θυσιῶν</span> <span class='ocrx_word' id='word_1_221' title='bbox 556 1510 615 1550; x_wconf 85' lang='grc' dir='ltr'><strong>τὸν</strong></span> <span class='ocrx_word' id='word_1_222' title='bbox 637 1510 740 1549; x_wconf 79' lang='grc' dir='ltr'>αὐτὸν</span> <span class='ocrx_word' id='word_1_223' title='bbox 757 1509 886 1564; x_wconf 86' lang='grc' dir='ltr'>τρόπον</span> <span class='ocrx_word' id='word_1_224' title='bbox 904 1511 1091 1565; x_wconf 86' lang='grc' dir='ltr'>δρωμένων</span> 
     </span>
     <span class='ocr_line' id='line_1_32' title="bbox 63 1567 1094 1625; baseline 0 -15"><span class='ocrx_word' id='word_1_225' title='bbox 63 1570 167 1625; x_wconf 75' lang='grc' dir='ltr'>φησὶν</span> <span class='ocrx_word' id='word_1_226' title='bbox 184 1572 219 1610; x_wconf 82' lang='grc' dir='ltr'>ἐν</span> <span class='ocrx_word' id='word_1_227' title='bbox 238 1572 283 1624; x_wconf 79' lang='grc' dir='ltr'><strong>τῇ</strong></span> <span class='ocrx_word' id='word_1_228' title='bbox 298 1568 442 1624; x_wconf 76' lang='grc' dir='ltr'>δευτέρα</span> <span class='ocrx_word' id='word_1_229' title='bbox 456 1571 525 1609; x_wconf 85' lang='grc' dir='ltr'><strong>τῶν</strong></span> <span class='ocrx_word' id='word_1_230' title='bbox 543 1568 705 1609; x_wconf 84' lang='grc' dir='ltr'>Ἀτθίδων</span> <span class='ocrx_word' id='word_1_231' title='bbox 721 1567 880 1624; x_wconf 85' lang='grc' dir='ltr'>Διονύσῳ</span> <span class='ocrx_word' id='word_1_232' title='bbox 890 1585 928 1608; x_wconf 90' lang='grc' dir='ltr'><strong>τε</strong></span> <span class='ocrx_word' id='word_1_233' title='bbox 939 1570 999 1610; x_wconf 80' lang='grc' dir='ltr'><strong>καὶ</strong></span> <span class='ocrx_word' id='word_1_234' title='bbox 1017 1577 1094 1617; x_wconf 85' lang='grc' dir='ltr'>ταῖς</span> 
     </span>
     <span class='ocr_line' id='line_1_33' title="bbox 63 1628 1092 1685; baseline 0 -16"><span class='ocrx_word' id='word_1_235' title='bbox 63 1630 261 1685; x_wconf 87' lang='grc' dir='ltr'>Ἐρεχθέως</span> <span class='ocrx_word' id='word_1_236' title='bbox 279 1629 484 1683; x_wconf 86' lang='grc' dir='ltr'>θυγατράσι.</span> <span class='ocrx_word' id='word_1_237' title='bbox 499 1628 570 1667; x_wconf 76' lang='grc' dir='ltr'><strong>Καὶ</strong></span> <span class='ocrx_word' id='word_1_238' title='bbox 581 1630 620 1668; x_wconf 87' lang='grc' dir='ltr'>οὖ</span> <span class='ocrx_word' id='word_1_239' title='bbox 640 1628 744 1681; x_wconf 89' lang='grc' dir='ltr'>μόνον</span> <span class='ocrx_word' id='word_1_240' title='bbox 760 1628 879 1673; x_wconf 85' lang='grc' dir='ltr'>θυσίας</span> <span class='ocrx_word' id='word_1_241' title='bbox 890 1630 1092 1683; x_wconf 76' lang='grc' dir='ltr'>νηφαλίους,</span> 
     </span>
     <span class='ocr_line' id='line_1_34' title="bbox 63 1682 1094 1740; baseline 0.001 -12"><span class='ocrx_word' id='word_1_242' title='bbox 63 1689 154 1728; x_wconf 80' lang='grc' dir='ltr'>ἀλλὰ</span> <span class='ocrx_word' id='word_1_243' title='bbox 172 1689 232 1728; x_wconf 80' lang='grc' dir='ltr'><strong>καὶ</strong></span> <span class='ocrx_word' id='word_1_244' title='bbox 249 1687 335 1734; x_wconf 85' lang='grc' dir='ltr'>ξύλα</span> <span class='ocrx_word' id='word_1_245' title='bbox 357 1687 448 1737; x_wconf 77' lang='grc' dir='ltr'>τινὰ,</span> <span class='ocrx_word' id='word_1_246' title='bbox 475 1688 530 1740; x_wconf 78' lang='grc' dir='ltr'><strong>ἐφ’</strong></span> <span class='ocrx_word' id='word_1_247' title='bbox 543 1682 591 1726; x_wconf 66' lang='grc' dir='ltr'>ὧν</span> <span class='ocrx_word' id='word_1_248' title='bbox 608 1686 896 1740; x_wconf 86' lang='grc' dir='ltr'>ἔκαιον·Κράτης</span> <span class='ocrx_word' id='word_1_249' title='bbox 913 1687 976 1739; x_wconf 82' lang='grc' dir='ltr'><strong>μὲν</strong></span> <span class='ocrx_word' id='word_1_250' title='bbox 996 1684 1053 1728; x_wconf 73' lang='grc' dir='ltr'><strong>οῧν</strong></span> <span class='ocrx_word' id='word_1_251' title='bbox 1075 1694 1094 1729; x_wconf 82' lang='grc' dir='ltr'>ὁ</span> 
     </span>
     <span class='ocr_line' id='line_1_35' title="bbox 64 1745 1093 1802; baseline 0.001 -16"><span class='ocrx_word' id='word_1_252' title='bbox 64 1748 239 1796; x_wconf 85' lang='grc' dir='ltr'>Ἀθηναῖος</span> <span class='ocrx_word' id='word_1_253' title='bbox 266 1747 310 1787; x_wconf 83' lang='grc' dir='ltr'><strong>τὰ</strong></span> <span class='ocrx_word' id='word_1_254' title='bbox 335 1745 384 1799; x_wconf 85' lang='grc' dir='ltr'><strong>μὴ</strong></span> <span class='ocrx_word' id='word_1_255' title='bbox 412 1747 590 1798; x_wconf 84' lang='grc' dir='ltr'>ἀμπέλινα</span> <span class='ocrx_word' id='word_1_256' title='bbox 600 1749 668 1784; x_wconf 83' lang='grc' dir='ltr'><strong>τῶν</strong></span> <span class='ocrx_word' id='word_1_257' title='bbox 681 1745 791 1792; x_wconf 86' lang='grc' dir='ltr'>ξύλων</span> <span class='ocrx_word' id='word_1_258' title='bbox 800 1746 918 1785; x_wconf 86' lang='grc' dir='ltr'>πάντα</span> <span class='ocrx_word' id='word_1_259' title='bbox 934 1748 1093 1802; x_wconf 81' lang='grc' dir='ltr'>νηφάλιά</span> 
     </span>
     <span class='ocr_line' id='line_1_36' title="bbox 64 1803 1092 1861; baseline 0 -15"><span class='ocrx_word' id='word_1_260' title='bbox 64 1822 149 1861; x_wconf 82' lang='grc' dir='ltr'>φησι</span> <span class='ocrx_word' id='word_1_261' title='bbox 166 1805 501 1860; x_wconf 85' lang='grc' dir='ltr'>προσαγορεύεσθαι·</span> <span class='ocrx_word' id='word_1_262' title='bbox 537 1808 555 1844; x_wconf 84' lang='grc' dir='ltr'>ὁ</span> <span class='ocrx_word' id='word_1_263' title='bbox 578 1804 614 1843; x_wconf 85' lang='grc' dir='ltr'><strong>δὲ</strong></span> <span class='ocrx_word' id='word_1_264' title='bbox 627 1803 826 1859; x_wconf 88' lang='grc' dir='ltr'>Φιλόχορος</span> <span class='ocrx_word' id='word_1_265' title='bbox 848 1806 1092 1861; x_wconf 74' lang='grc' dir='ltr'>ἀκριὸέστερόν</span> 
     </span>
     <span class='ocr_line' id='line_1_37' title="bbox 64 1864 1092 1921; baseline 0 -15"><span class='ocrx_word' id='word_1_266' title='bbox 64 1882 163 1921; x_wconf 81' lang='grc' dir='ltr'>φησι,</span> <span class='ocrx_word' id='word_1_267' title='bbox 174 1865 218 1905; x_wconf 79' lang='grc' dir='ltr'><strong>τὰ</strong></span> <span class='ocrx_word' id='word_1_268' title='bbox 229 1866 319 1918; x_wconf 76' lang='grc' dir='ltr'>μήτε</span> <span class='ocrx_word' id='word_1_269' title='bbox 329 1865 504 1918; x_wconf 87' lang='grc' dir='ltr'>ἀμπέλινα</span> <span class='ocrx_word' id='word_1_270' title='bbox 515 1864 606 1917; x_wconf 76' lang='grc' dir='ltr'>μήτε</span> <span class='ocrx_word' id='word_1_271' title='bbox 619 1864 756 1914; x_wconf 87' lang='grc' dir='ltr'>σύκινα,</span> <span class='ocrx_word' id='word_1_272' title='bbox 767 1864 859 1904; x_wconf 79' lang='grc' dir='ltr'>ἀλλὰ</span> <span class='ocrx_word' id='word_1_273' title='bbox 873 1866 917 1904; x_wconf 88' lang='grc' dir='ltr'><strong>τὰ</strong></span> <span class='ocrx_word' id='word_1_274' title='bbox 935 1866 1005 1905; x_wconf 87' lang='grc' dir='ltr'><strong>ἀπὸ</strong></span> <span class='ocrx_word' id='word_1_275' title='bbox 1022 1870 1092 1906; x_wconf 83' lang='grc' dir='ltr'><strong>τῶν</strong></span> 
     </span>
     <span class='ocr_line' id='line_1_38' title="bbox 66 1922 1092 1979; baseline 0.001 -15"><span class='ocrx_word' id='word_1_276' title='bbox 66 1925 183 1977; x_wconf 89' lang='grc' dir='ltr'>θύμων</span> <span class='ocrx_word' id='word_1_277' title='bbox 199 1925 355 1979; x_wconf 88' lang='grc' dir='ltr'>νηφάλιά</span> <span class='ocrx_word' id='word_1_278' title='bbox 369 1940 455 1979; x_wconf 89' lang='grc' dir='ltr'>φησι</span> <span class='ocrx_word' id='word_1_279' title='bbox 468 1926 663 1963; x_wconf 86' lang='grc' dir='ltr'>καλεῖσθαι.</span> <span class='ocrx_word' id='word_1_280' title='bbox 678 1923 752 1964; x_wconf 81' lang='grc' dir='ltr'><strong>Καὶ</strong></span> <span class='ocrx_word' id='word_1_281' title='bbox 769 1922 892 1978; x_wconf 83' lang='grc' dir='ltr'>πρώτῃ</span> <span class='ocrx_word' id='word_1_282' title='bbox 903 1925 1008 1979; x_wconf 80' lang='grc' dir='ltr'>φησὶν</span> <span class='ocrx_word' id='word_1_283' title='bbox 1029 1925 1092 1979; x_wconf 79' lang='grc' dir='ltr'><strong>ὕλῃ</strong></span> 
     </span>
     <span class='ocr_line' id='line_1_39' title="bbox 65 1982 1095 2039; baseline 0 -15"><span class='ocrx_word' id='word_1_284' title='bbox 65 1984 150 2039; x_wconf 87' lang='grc' dir='ltr'>πρὸς</span> <span class='ocrx_word' id='word_1_285' title='bbox 171 1984 235 2031; x_wconf 79' lang='grc' dir='ltr'><strong>τὰς</strong></span> <span class='ocrx_word' id='word_1_286' title='bbox 264 1983 440 2037; x_wconf 78' lang='grc' dir='ltr'>ἐμπύρους</span> <span class='ocrx_word' id='word_1_287' title='bbox 458 1983 578 2027; x_wconf 88' lang='grc' dir='ltr'>θυσίας</span> <span class='ocrx_word' id='word_1_288' title='bbox 599 1982 709 2036; x_wconf 87' lang='grc' dir='ltr'>ταύτῃ</span> <span class='ocrx_word' id='word_1_289' title='bbox 736 1986 952 2038; x_wconf 79' lang='grc' dir='ltr'>κεχρῆσθαι,</span> <span class='ocrx_word' id='word_1_290' title='bbox 973 1986 1057 2039; x_wconf 89' lang='grc' dir='ltr'>παρ’</span> <span class='ocrx_word' id='word_1_291' title='bbox 1077 1985 1095 2024; x_wconf 90' lang='grc' dir='ltr'>ὃ</span> 
     </span>
     <span class='ocr_line' id='line_1_40' title="bbox 65 2041 1094 2097; baseline 0.001 -15"><span class='ocrx_word' id='word_1_292' title='bbox 65 2043 125 2082; x_wconf 82' lang='grc' dir='ltr'><strong>καὶ</strong></span> <span class='ocrx_word' id='word_1_293' title='bbox 144 2043 298 2095; x_wconf 86' lang='grc' dir='ltr'>τοῦνομα</span> <span class='ocrx_word' id='word_1_294' title='bbox 316 2043 436 2082; x_wconf 76' lang='grc' dir='ltr'>λαὸεἴν</span> <span class='ocrx_word' id='word_1_295' title='bbox 451 2042 510 2081; x_wconf 86' lang='grc' dir='ltr'><strong>τὸν</strong></span> <span class='ocrx_word' id='word_1_296' title='bbox 530 2041 651 2093; x_wconf 89' lang='grc' dir='ltr'>θύμον,</span> <span class='ocrx_word' id='word_1_297' title='bbox 674 2045 720 2087; x_wconf 85' lang='grc' dir='ltr'><strong>ὡς</strong></span> <span class='ocrx_word' id='word_1_298' title='bbox 737 2042 835 2097; x_wconf 87' lang='grc' dir='ltr'>παρὰ</span> <span class='ocrx_word' id='word_1_299' title='bbox 850 2042 914 2091; x_wconf 86' lang='grc' dir='ltr'><strong>τὴν</strong></span> <span class='ocrx_word' id='word_1_300' title='bbox 930 2044 1094 2097; x_wconf 86' lang='grc' dir='ltr'>θυμίασιν</span> 
     </span>
     <span class='ocr_line' id='line_1_41' title="bbox 66 2101 774 2155; baseline -0.001 -14"><span class='ocrx_word' id='word_1_301' title='bbox 66 2102 125 2141; x_wconf 78' lang='grc' dir='ltr'><strong>καὶ</strong></span> <span class='ocrx_word' id='word_1_302' title='bbox 140 2102 204 2150; x_wconf 84' lang='grc' dir='ltr'><strong>τὴν</strong></span> <span class='ocrx_word' id='word_1_303' title='bbox 218 2102 301 2151; x_wconf 84' lang='grc' dir='ltr'>θυὴν</span> <span class='ocrx_word' id='word_1_304' title='bbox 315 2101 554 2153; x_wconf 86' lang='grc' dir='ltr'>πεποιημένης</span> <span class='ocrx_word' id='word_1_305' title='bbox 569 2104 631 2149; x_wconf 77' lang='grc' dir='ltr'><strong>τῆς</strong></span> <span class='ocrx_word' id='word_1_306' title='bbox 647 2104 774 2155; x_wconf 79' lang='grc' dir='ltr'>φωνῆς.</span> 
     </span>
    </p>
   </div>
   <div class='ocr_carea' id='block_1_17' title="bbox 119 2230 1098 2287">
    <p class='ocr_par' dir='ltr' id='par_1_18' title="bbox 119 2230 1098 2287">
     <span class='ocr_line' id='line_1_42' title="bbox 119 2230 1098 2287; baseline 0 -16"><span class='ocrx_word' id='word_1_307' title='bbox 119 2236 306 2284; x_wconf 85' lang='lat' dir='ltr'><strong>Harpocr.</strong></span> <span class='ocrx_word' id='word_1_308' title='bbox 327 2247 360 2271; x_wconf 85' lang='lat' dir='ltr'><strong>V.</strong></span> <span class='ocrx_word' id='word_1_309' title='bbox 378 2231 579 2272; x_wconf 75' lang='grc' dir='ltr'>Ἔπίὸοιονε</span> <span class='ocrx_word' id='word_1_310' title='bbox 599 2230 795 2285; x_wconf 89' lang='grc' dir='ltr'>Φιλόχορος</span> <span class='ocrx_word' id='word_1_311' title='bbox 811 2233 846 2271; x_wconf 81' lang='grc' dir='ltr'>ἐν</span> <span class='ocrx_word' id='word_1_312' title='bbox 865 2230 1014 2286; x_wconf 85' lang='grc' dir='ltr'>δευτέρῳ</span> <span class='ocrx_word' id='word_1_313' title='bbox 1031 2248 1098 2287; x_wconf 88' lang='grc' dir='ltr'>φη-</span> 
     </span>
    </p>
   </div>
   <div class='ocr_carea' id='block_1_18' title="bbox 71 2392 1104 3363">
    <p class='ocr_par' dir='ltr' id='par_1_19' title="bbox 71 2392 1096 2529">
     <span class='ocr_line' id='line_1_43' title="bbox 121 2392 1096 2435; baseline 0 -8"><span class='ocrx_word' id='word_1_314' title='bbox 121 2394 316 2435; x_wconf 85' lang='lat' dir='ltr'><strong>Orithyiam,</strong></span> <span class='ocrx_word' id='word_1_315' title='bbox 339 2393 511 2426; x_wconf 80' lang='lat' dir='ltr'><strong>Erechthei</strong></span> <span class='ocrx_word' id='word_1_316' title='bbox 532 2392 642 2433; x_wconf 87' lang='lat' dir='ltr'><strong>filiam,</strong></span> <span class='ocrx_word' id='word_1_317' title='bbox 682 2395 801 2426; x_wconf 88' lang='lat' dir='ltr'><strong>Boreas</strong></span> <span class='ocrx_word' id='word_1_318' title='bbox 825 2393 946 2433; x_wconf 83' lang='lat' dir='ltr'>Thrax,</span> <span class='ocrx_word' id='word_1_319' title='bbox 978 2395 1096 2427; x_wconf 79' lang='lat' dir='ltr'><strong>Astraei</strong></span> 
     </span>
     <span class='ocr_line' id='line_1_44' title="bbox 71 2440 1094 2482; baseline -0.002 -8"><span class='ocrx_word' id='word_1_320' title='bbox 71 2442 157 2474; x_wconf 86' lang='lat' dir='ltr'><strong>filius</strong></span> <span class='ocrx_word' id='word_1_321' title='bbox 168 2464 178 2481; x_wconf 92' lang='lat'><strong>,</strong></span> <span class='ocrx_word' id='word_1_322' title='bbox 193 2441 318 2482; x_wconf 85' lang='lat' dir='ltr'><strong>rapuit;</strong></span> <span class='ocrx_word' id='word_1_323' title='bbox 341 2441 424 2473; x_wconf 87' lang='lat' dir='ltr'><strong>teste</strong></span> <span class='ocrx_word' id='word_1_324' title='bbox 438 2440 630 2472; x_wconf 84' lang='lat' dir='ltr'><strong>Philochoro</strong></span> <span class='ocrx_word' id='word_1_325' title='bbox 642 2441 674 2472; x_wconf 89' lang='lat' dir='ltr'><strong>in</strong></span> <span class='ocrx_word' id='word_1_326' title='bbox 693 2440 836 2473; x_wconf 81' lang='lat' dir='ltr'><strong>secundo</strong></span> <span class='ocrx_word' id='word_1_327' title='bbox 850 2463 858 2479; x_wconf 90' lang='lat'><strong>,</strong></span> <span class='ocrx_word' id='word_1_328' title='bbox 875 2449 894 2472; x_wconf 87' lang='lat' dir='ltr'><strong>a</strong></span> <span class='ocrx_word' id='word_1_329' title='bbox 909 2442 1007 2473; x_wconf 85' lang='lat' dir='ltr'><strong>vento</strong></span> <span class='ocrx_word' id='word_1_330' title='bbox 1022 2450 1094 2473; x_wconf 87' lang='lat' dir='ltr'><strong>eam</strong></span> 
     </span>
     <span class='ocr_line' id='line_1_45' title="bbox 71 2486 451 2529; baseline -0.005 -9"><span class='ocrx_word' id='word_1_331' title='bbox 71 2490 195 2529; x_wconf 81' lang='lat' dir='ltr'><strong>raptam</strong></span> <span class='ocrx_word' id='word_1_332' title='bbox 208 2486 316 2519; x_wconf 83' lang='lat' dir='ltr'><strong>fabula</strong></span> <span class='ocrx_word' id='word_1_333' title='bbox 331 2488 451 2518; x_wconf 86' lang='lat' dir='ltr'><strong>narrat.</strong></span> 
     </span>
    </p>

    <p class='ocr_par' dir='ltr' id='par_1_20' title="bbox 73 2580 1104 3261">
     <span class='ocr_line' id='line_1_46' title="bbox 111 2580 1098 2622; baseline 0 -8"><span class='ocrx_word' id='word_1_334' title='bbox 111 2581 244 2614; x_wconf 86' lang='lat' dir='ltr'><strong>Polemo</strong></span> <span class='ocrx_word' id='word_1_335' title='bbox 269 2581 369 2614; x_wconf 85' lang='lat' dir='ltr'><strong>etiarn</strong></span> <span class='ocrx_word' id='word_1_336' title='bbox 393 2580 465 2613; x_wconf 85' lang='lat' dir='ltr'><strong>aliis</strong></span> <span class='ocrx_word' id='word_1_337' title='bbox 484 2580 680 2622; x_wconf 87' lang='lat' dir='ltr'><strong>quibusdam</strong></span> <span class='ocrx_word' id='word_1_338' title='bbox 699 2581 768 2613; x_wconf 88' lang='lat' dir='ltr'><strong>deis</strong></span> <span class='ocrx_word' id='word_1_339' title='bbox 799 2581 878 2613; x_wconf 90' lang='lat' dir='ltr'><strong>dicit</strong></span> <span class='ocrx_word' id='word_1_340' title='bbox 909 2590 1001 2614; x_wconf 86' lang='lat' dir='ltr'><strong>sacra</strong></span> <span class='ocrx_word' id='word_1_341' title='bbox 1029 2581 1098 2614; x_wconf 87' lang='lat' dir='ltr'><strong>fieri</strong></span> 
     </span>
     <span class='ocr_line' id='line_1_47' title="bbox 75 2627 1099 2670; baseline 0 -9"><span class='ocrx_word' id='word_1_342' title='bbox 75 2628 242 2668; x_wconf 77' lang='lat' dir='ltr'><strong>abstemia,</strong></span> <span class='ocrx_word' id='word_1_343' title='bbox 255 2629 301 2660; x_wconf 77' lang='lat' dir='ltr'><strong>ita</strong></span> <span class='ocrx_word' id='word_1_344' title='bbox 312 2627 457 2660; x_wconf 89' lang='lat' dir='ltr'><strong>scribens</strong></span> <span class='ocrx_word' id='word_1_345' title='bbox 473 2637 481 2659; x_wconf 78' lang='grc' dir='ltr'>ε</span> <span class='ocrx_word' id='word_1_346' title='bbox 501 2628 710 2661; x_wconf 78' lang='lat' dir='ltr'><strong>Athenienses</strong></span> <span class='ocrx_word' id='word_1_347' title='bbox 724 2628 811 2660; x_wconf 90' lang='lat' dir='ltr'><strong>enim</strong></span> <span class='ocrx_word' id='word_1_348' title='bbox 827 2628 860 2659; x_wconf 92' lang='lat' dir='ltr'><strong>in</strong></span> <span class='ocrx_word' id='word_1_349' title='bbox 877 2629 1038 2670; x_wconf 79' lang='lat' dir='ltr'><strong>eiusmodi</strong></span> <span class='ocrx_word' id='word_1_350' title='bbox 1053 2638 1099 2661; x_wconf 88' lang='lat' dir='ltr'><strong>rc-</strong></span> 
     </span>
     <span class='ocr_line' id='line_1_48' title="bbox 73 2675 1100 2715; baseline 0 -7"><span class='ocrx_word' id='word_1_351' title='bbox 73 2675 134 2708; x_wconf 88' lang='lat' dir='ltr'><strong>bus</strong></span> <span class='ocrx_word' id='word_1_352' title='bbox 147 2675 276 2708; x_wconf 85' lang='lat' dir='ltr'><strong>solliciti</strong></span> <span class='ocrx_word' id='word_1_353' title='bbox 291 2684 329 2707; x_wconf 83' lang='lat' dir='ltr'><strong>ac</strong></span> <span class='ocrx_word' id='word_1_354' title='bbox 344 2675 500 2715; x_wconf 84' lang='lat' dir='ltr'><strong>religiosi,</strong></span> <span class='ocrx_word' id='word_1_355' title='bbox 520 2684 612 2707; x_wconf 88' lang='lat' dir='ltr'><strong>sacra</strong></span> <span class='ocrx_word' id='word_1_356' title='bbox 627 2675 791 2708; x_wconf 86' lang='lat' dir='ltr'><strong>abstemia</strong></span> <span class='ocrx_word' id='word_1_357' title='bbox 810 2675 935 2708; x_wconf 86' lang='lat' dir='ltr'><strong>faciunt</strong></span> <span class='ocrx_word' id='word_1_358' title='bbox 956 2678 1100 2709; x_wconf 90' lang='lat' dir='ltr'><strong>Mnemo-</strong></span> 
     </span>
     <span class='ocr_line' id='line_1_49' title="bbox 75 2717 1100 2758; baseline 0.001 -10"><span class='ocrx_word' id='word_1_359' title='bbox 75 2724 176 2757; x_wconf 81' lang='lat' dir='ltr'><strong>synae,</strong></span> <span class='ocrx_word' id='word_1_360' title='bbox 205 2718 320 2755; x_wconf 77' lang='lat' dir='ltr'><strong>Musae,</strong></span> <span class='ocrx_word' id='word_1_361' title='bbox 348 2719 493 2754; x_wconf 80' lang='lat' dir='ltr'><strong>Aurorae,</strong></span> <span class='ocrx_word' id='word_1_362' title='bbox 523 2717 601 2756; x_wconf 91' lang='lat' dir='ltr'><strong>Soli,</strong></span> <span class='ocrx_word' id='word_1_363' title='bbox 630 2719 748 2756; x_wconf 81' lang='lat' dir='ltr'><strong>Lunae,</strong></span> <span class='ocrx_word' id='word_1_364' title='bbox 778 2717 950 2758; x_wconf 80' lang='lat' dir='ltr'><strong>Nymphis,</strong></span> <span class='ocrx_word' id='word_1_365' title='bbox 982 2719 1100 2750; x_wconf 86' lang='lat' dir='ltr'><strong>Veneri</strong></span> 
     </span>
     <span class='ocr_line' id='line_1_50' title="bbox 74 2763 1099 2805; baseline 0.001 -10"><span class='ocrx_word' id='word_1_366' title='bbox 74 2763 211 2796; x_wconf 83' lang='lat' dir='ltr'><strong>Uraniae.</strong></span> <span class='ocrx_word' id='word_1_367' title='bbox 227 2763 437 2796; x_wconf 84' lang='lat' dir='ltr'><strong>Philochorus</strong></span> <span class='ocrx_word' id='word_1_368' title='bbox 454 2763 594 2795; x_wconf 87' lang='lat' dir='ltr'><strong>Atthidis</strong></span> <span class='ocrx_word' id='word_1_369' title='bbox 609 2763 693 2795; x_wconf 88' lang='lat' dir='ltr'><strong>libro</strong></span> <span class='ocrx_word' id='word_1_370' title='bbox 708 2763 851 2795; x_wconf 90' lang='lat' dir='ltr'><strong>secundo</strong></span> <span class='ocrx_word' id='word_1_371' title='bbox 878 2763 919 2795; x_wconf 87' lang='lat' dir='ltr'><strong>de</strong></span> <span class='ocrx_word' id='word_1_372' title='bbox 935 2763 1007 2796; x_wconf 84' lang='lat' dir='ltr'><strong>aliis</strong></span> <span class='ocrx_word' id='word_1_373' title='bbox 1021 2773 1099 2805; x_wconf 87' lang='lat' dir='ltr'><strong>quo·</strong></span> 
     </span>
     <span class='ocr_line' id='line_1_51' title="bbox 75 2809 1098 2851; baseline 0 -9"><span class='ocrx_word' id='word_1_374' title='bbox 75 2818 136 2851; x_wconf 90' lang='lat' dir='ltr'><strong>que</strong></span> <span class='ocrx_word' id='word_1_375' title='bbox 151 2810 250 2842; x_wconf 85' lang='lat' dir='ltr'><strong>sacris</strong></span> <span class='ocrx_word' id='word_1_376' title='bbox 263 2809 417 2851; x_wconf 88' lang='lat' dir='ltr'><strong>loquitur,</strong></span> <span class='ocrx_word' id='word_1_377' title='bbox 430 2818 502 2850; x_wconf 82' lang='lat' dir='ltr'><strong>quae</strong></span> <span class='ocrx_word' id='word_1_378' title='bbox 513 2809 626 2842; x_wconf 85' lang='lat' dir='ltr'><strong>eodem</strong></span> <span class='ocrx_word' id='word_1_379' title='bbox 641 2809 739 2841; x_wconf 89' lang='lat' dir='ltr'><strong>modo</strong></span> <span class='ocrx_word' id='word_1_380' title='bbox 766 2809 955 2842; x_wconf 82' lang='lat' dir='ltr'><strong>factitantur</strong></span> <span class='ocrx_word' id='word_1_381' title='bbox 968 2811 1098 2842; x_wconf 89' lang='lat' dir='ltr'><strong>Baccho</strong></span> 
     </span>
     <span class='ocr_line' id='line_1_52' title="bbox 73 2856 1102 2897; baseline 0 -9"><span class='ocrx_word' id='word_1_382' title='bbox 73 2857 107 2889; x_wconf 84' lang='lat' dir='ltr'><strong>et</strong></span> <span class='ocrx_word' id='word_1_383' title='bbox 114 2856 284 2889; x_wconf 83' lang='lat' dir='ltr'><strong>Erechthei</strong></span> <span class='ocrx_word' id='word_1_384' title='bbox 299 2856 437 2888; x_wconf 88' lang='lat' dir='ltr'><strong>filiabus.</strong></span> <span class='ocrx_word' id='word_1_385' title='bbox 453 2857 559 2897; x_wconf 87' lang='lat' dir='ltr'>Atque</span> <span class='ocrx_word' id='word_1_386' title='bbox 573 2865 639 2888; x_wconf 90' lang='lat' dir='ltr'><strong>non</strong></span> <span class='ocrx_word' id='word_1_387' title='bbox 654 2856 752 2888; x_wconf 91' lang='lat' dir='ltr'><strong>modo</strong></span> <span class='ocrx_word' id='word_1_388' title='bbox 767 2864 858 2888; x_wconf 85' lang='lat' dir='ltr'><strong>sacra</strong></span> <span class='ocrx_word' id='word_1_389' title='bbox 867 2856 1036 2896; x_wconf 86' lang='lat' dir='ltr'><strong>abstemia,</strong></span> <span class='ocrx_word' id='word_1_390' title='bbox 1045 2857 1102 2889; x_wconf 88' lang='lat' dir='ltr'><strong>sed</strong></span> 
     </span>
     <span class='ocr_line' id='line_1_53' title="bbox 74 2902 1102 2944; baseline -0.001 -8"><span class='ocrx_word' id='word_1_391' title='bbox 74 2903 171 2936; x_wconf 86' lang='lat' dir='ltr'><strong>etiam</strong></span> <span class='ocrx_word' id='word_1_392' title='bbox 194 2903 280 2944; x_wconf 81' lang='lat' dir='ltr'><strong>ligna</strong></span> <span class='ocrx_word' id='word_1_393' title='bbox 307 2902 458 2944; x_wconf 78' lang='lat' dir='ltr'><strong>quaedam</strong></span> <span class='ocrx_word' id='word_1_394' title='bbox 488 2902 656 2941; x_wconf 84' lang='lat' dir='ltr'><strong>abstemia,</strong></span> <span class='ocrx_word' id='word_1_395' title='bbox 679 2903 798 2943; x_wconf 88' lang='lat' dir='ltr'><strong>quibus</strong></span> <span class='ocrx_word' id='word_1_396' title='bbox 825 2903 880 2934; x_wconf 88' lang='lat' dir='ltr'><strong>illa</strong></span> <span class='ocrx_word' id='word_1_397' title='bbox 904 2903 1102 2942; x_wconf 81' lang='lat' dir='ltr'><strong>cremabant,</strong></span> 
     </span>
     <span class='ocr_line' id='line_1_54' title="bbox 74 2948 1104 2990; baseline -0.001 -8"><span class='ocrx_word' id='word_1_398' title='bbox 74 2949 245 2983; x_wconf 78' lang='lat' dir='ltr'><strong>habebant.</strong></span> <span class='ocrx_word' id='word_1_399' title='bbox 259 2951 302 2982; x_wconf 90' lang='lat' dir='ltr'><strong>Et</strong></span> <span class='ocrx_word' id='word_1_400' title='bbox 317 2951 428 2982; x_wconf 85' lang='lat' dir='ltr'><strong>Crates</strong></span> <span class='ocrx_word' id='word_1_401' title='bbox 442 2948 573 2989; x_wconf 85' lang='lat' dir='ltr'><strong>quidem</strong></span> <span class='ocrx_word' id='word_1_402' title='bbox 585 2948 790 2981; x_wconf 84' lang='lat' dir='ltr'><strong>Atheniensis</strong></span> <span class='ocrx_word' id='word_1_403' title='bbox 801 2950 919 2990; x_wconf 80' lang='lat' dir='ltr'><strong>praeter</strong></span> <span class='ocrx_word' id='word_1_404' title='bbox 932 2949 1032 2981; x_wconf 84' lang='lat' dir='ltr'><strong>vitem</strong></span> <span class='ocrx_word' id='word_1_405' title='bbox 1057 2950 1104 2981; x_wconf 82' lang='lat' dir='ltr'><strong>ait</strong></span> 
     </span>
     <span class='ocr_line' id='line_1_55' title="bbox 74 2995 1103 3038; baseline -0.001 -9"><span class='ocrx_word' id='word_1_406' title='bbox 74 2997 184 3030; x_wconf 86' lang='lat' dir='ltr'><strong>omnia</strong></span> <span class='ocrx_word' id='word_1_407' title='bbox 198 2997 284 3038; x_wconf 84' lang='lat' dir='ltr'><strong>ligna</strong></span> <span class='ocrx_word' id='word_1_408' title='bbox 298 2996 407 3028; x_wconf 76' lang='lat' dir='ltr'><strong>vocari</strong></span> <span class='ocrx_word' id='word_1_409' title='bbox 417 2996 591 3036; x_wconf 77' lang='lat' dir='ltr'><strong>abstemia3</strong></span> <span class='ocrx_word' id='word_1_410' title='bbox 600 2995 810 3028; x_wconf 87' lang='lat' dir='ltr'><strong>Philochorus</strong></span> <span class='ocrx_word' id='word_1_411' title='bbox 825 3005 902 3028; x_wconf 89' lang='lat' dir='ltr'><strong>vero</strong></span> <span class='ocrx_word' id='word_1_412' title='bbox 919 2997 1103 3028; x_wconf 80' lang='lat' dir='ltr'><strong>accuratius</strong></span> 
     </span>
     <span class='ocr_line' id='line_1_56' title="bbox 75 3042 1101 3084; baseline -0.002 -8"><span class='ocrx_word' id='word_1_413' title='bbox 75 3042 163 3083; x_wconf 82' lang='lat' dir='ltr'><strong>dicit,</strong></span> <span class='ocrx_word' id='word_1_414' title='bbox 181 3052 286 3084; x_wconf 87' lang='lat' dir='ltr'><strong>neque</strong></span> <span class='ocrx_word' id='word_1_415' title='bbox 300 3043 378 3076; x_wconf 84' lang='lat' dir='ltr'><strong>vitis</strong></span> <span class='ocrx_word' id='word_1_416' title='bbox 403 3052 506 3084; x_wconf 89' lang='lat' dir='ltr'><strong>neque</strong></span> <span class='ocrx_word' id='word_1_417' title='bbox 527 3043 621 3082; x_wconf 86' lang='lat' dir='ltr'><strong>ficus,</strong></span> <span class='ocrx_word' id='word_1_418' title='bbox 643 3043 700 3075; x_wconf 87' lang='lat' dir='ltr'><strong>sed</strong></span> <span class='ocrx_word' id='word_1_419' title='bbox 716 3043 820 3084; x_wconf 80' lang='lat' dir='ltr'><strong>thymi</strong></span> <span class='ocrx_word' id='word_1_420' title='bbox 851 3043 976 3084; x_wconf 85' lang='lat' dir='ltr'><strong>lignum</strong></span> <span class='ocrx_word' id='word_1_421' title='bbox 992 3043 1101 3075; x_wconf 86' lang='lat' dir='ltr'><strong>vocari</strong></span> 
     </span>
     <span class='ocr_line' id='line_1_57' title="bbox 76 3089 1103 3131; baseline -0.001 -10"><span class='ocrx_word' id='word_1_422' title='bbox 76 3089 278 3122; x_wconf 83' lang='lat' dir='ltr'><strong>abstemium.</strong></span> <span class='ocrx_word' id='word_1_423' title='bbox 308 3091 414 3131; x_wconf 83' lang='lat' dir='ltr'><strong>Atque</strong></span> <span class='ocrx_word' id='word_1_424' title='bbox 428 3090 533 3130; x_wconf 86' lang='lat' dir='ltr'><strong>primo</strong></span> <span class='ocrx_word' id='word_1_425' title='bbox 547 3089 627 3122; x_wconf 88' lang='lat' dir='ltr'><strong>dicit</strong></span> <span class='ocrx_word' id='word_1_426' title='bbox 652 3090 714 3122; x_wconf 92' lang='lat' dir='ltr'><strong>hoc</strong></span> <span class='ocrx_word' id='word_1_427' title='bbox 741 3090 829 3130; x_wconf 86' lang='lat' dir='ltr'><strong>ligno</strong></span> <span class='ocrx_word' id='word_1_428' title='bbox 859 3089 900 3121; x_wconf 88' lang='lat' dir='ltr'><strong>ad</strong></span> <span class='ocrx_word' id='word_1_429' title='bbox 929 3089 1103 3121; x_wconf 83' lang='lat' dir='ltr'><strong>cremanda</strong></span> 
     </span>
     <span class='ocr_line' id='line_1_58' title="bbox 76 3135 1100 3177; baseline -0.001 -10"><span class='ocrx_word' id='word_1_430' title='bbox 76 3143 166 3167; x_wconf 84' lang='lat' dir='ltr'><strong>sacra</strong></span> <span class='ocrx_word' id='word_1_431' title='bbox 181 3145 258 3168; x_wconf 89' lang='lat' dir='ltr'><strong>usos</strong></span> <span class='ocrx_word' id='word_1_432' title='bbox 272 3145 363 3175; x_wconf 79' lang='lat' dir='ltr'><strong>esse3</strong></span> <span class='ocrx_word' id='word_1_433' title='bbox 377 3145 476 3177; x_wconf 85' lang='lat' dir='ltr'><strong>quare</strong></span> <span class='ocrx_word' id='word_1_434' title='bbox 489 3136 587 3168; x_wconf 87' lang='lat' dir='ltr'><strong>etiam</strong></span> <span class='ocrx_word' id='word_1_435' title='bbox 603 3136 707 3177; x_wconf 85' lang='lat' dir='ltr'><strong>thymi</strong></span> <span class='ocrx_word' id='word_1_436' title='bbox 719 3145 837 3168; x_wconf 89' lang='lat' dir='ltr'><strong>nomen</strong></span> <span class='ocrx_word' id='word_1_437' title='bbox 865 3135 899 3167; x_wconf 90' lang='lat' dir='ltr'><strong>id</strong></span> <span class='ocrx_word' id='word_1_438' title='bbox 927 3136 1100 3176; x_wconf 86' lang='lat' dir='ltr'><strong>accepisse,</strong></span> 
     </span>
     <span class='ocr_line' id='line_1_59' title="bbox 77 3182 1102 3224; baseline -0.001 -11"><span class='ocrx_word' id='word_1_439' title='bbox 77 3182 194 3223; x_wconf 62' lang='lat' dir='ltr'><strong>(puppe</strong></span> <span class='ocrx_word' id='word_1_440' title='bbox 207 3191 279 3222; x_wconf 78' lang='lat' dir='ltr'><strong>quae</strong></span> <span class='ocrx_word' id='word_1_441' title='bbox 300 3191 365 3214; x_wconf 87' lang='lat' dir='ltr'><strong>vox</strong></span> <span class='ocrx_word' id='word_1_442' title='bbox 380 3192 399 3214; x_wconf 86' lang='lat' dir='ltr'><strong>a</strong></span> <span class='ocrx_word' id='word_1_443' title='bbox 417 3183 558 3224; x_wconf 87' lang='grc' dir='ltr'>θυμίασει</span> <span class='ocrx_word' id='word_1_444' title='bbox 592 3182 729 3223; x_wconf 84' lang='lat' dir='ltr'><strong>(suffitu)</strong></span> <span class='ocrx_word' id='word_1_445' title='bbox 758 3182 810 3214; x_wconf 87' lang='lat' dir='ltr'><strong>vel</strong></span> <span class='ocrx_word' id='word_1_446' title='bbox 837 3191 856 3214; x_wconf 87' lang='lat' dir='ltr'><strong>a</strong></span> <span class='ocrx_word' id='word_1_447' title='bbox 889 3184 944 3222; x_wconf 83' lang='grc' dir='ltr'>θυῇ</span> <span class='ocrx_word' id='word_1_448' title='bbox 965 3182 1102 3213; x_wconf 82' lang='lat' dir='ltr'><strong>formata</strong></span> 
     </span>
     <span class='ocr_line' id='line_1_60' title="bbox 77 3230 174 3261; baseline 0 -1"><span class='ocrx_word' id='word_1_449' title='bbox 77 3230 174 3261; x_wconf 82' lang='lat' dir='ltr'><strong>esset.</strong></span> 
     </span>
    </p>

    <p class='ocr_par' dir='ltr' id='par_1_21' title="bbox 119 3278 1101 3363">
     <span class='ocr_line' id='line_1_61' title="bbox 556 3278 618 3310; baseline -0.032 0"><span class='ocrx_word' id='word_1_450' title='bbox 556 3278 618 3310; x_wconf 88' lang='lat'><strong>32.</strong></span> 
     </span>
     <span class='ocr_line' id='line_1_62' title="bbox 119 3321 1101 3363; baseline -0.001 -10"><span class='ocrx_word' id='word_1_451' title='bbox 119 3321 326 3354; x_wconf 86' lang='lat' dir='ltr'><strong>Philochorus</strong></span> <span class='ocrx_word' id='word_1_452' title='bbox 341 3322 422 3355; x_wconf 86' lang='lat' dir='ltr'><strong>libro</strong></span> <span class='ocrx_word' id='word_1_453' title='bbox 437 3323 579 3355; x_wconf 82' lang='lat' dir='ltr'><strong>secundo</strong></span> <span class='ocrx_word' id='word_1_454' title='bbox 596 3322 643 3355; x_wconf 86' lang='lat' dir='ltr'><strong>sic</strong></span> <span class='ocrx_word' id='word_1_455' title='bbox 655 3322 768 3355; x_wconf 84' lang='lat' dir='ltr'><strong>scribit</strong></span> <span class='ocrx_word' id='word_1_456' title='bbox 783 3333 789 3354; x_wconf 91' lang='lat'>:</span> <span class='ocrx_word' id='word_1_457' title='bbox 812 3336 826 3350; x_wconf 90' lang='lat'>«</span> <span class='ocrx_word' id='word_1_458' title='bbox 841 3322 873 3355; x_wconf 89' lang='lat' dir='ltr'><strong>Si</strong></span> <span class='ocrx_word' id='word_1_459' title='bbox 890 3322 962 3363; x_wconf 86' lang='lat' dir='ltr'><strong>quis</strong></span> <span class='ocrx_word' id='word_1_460' title='bbox 977 3322 1068 3357; x_wconf 89' lang='lat' dir='ltr'><strong>Mine</strong></span> <span class='ocrx_word' id='word_1_461' title='bbox 1075 3330 1101 3352; x_wconf 87' lang='lat' dir='ltr'><strong>r·</strong></span> 
     </span>
    </p>
   </div>
   <div class='ocr_carea' id='block_1_19' title="bbox 1118 1239 1123 1389">
    <p class='ocr_par' dir='ltr' id='par_1_22' title="bbox 1118 1239 1123 1389">
     <span class='ocr_line' id='line_1_63' title="bbox 1118 1239 1123 1389; baseline 0 0"><span class='ocrx_word' id='word_1_462' title='bbox 1118 1239 1123 1389; x_wconf 95' lang='lat' dir='ltr'><strong> </strong></span> 
     </span>
    </p>
   </div>
   <div class='ocr_carea' id='block_1_20' title="bbox 1128 2846 1133 2946">
    <p class='ocr_par' dir='ltr' id='par_1_23' title="bbox 1128 2846 1133 2946">
     <span class='ocr_line' id='line_1_64' title="bbox 1128 2846 1133 2946; baseline 0 738"><span class='ocrx_word' id='word_1_463' title='bbox 1128 2846 1133 2946; x_wconf 95' lang='lat' dir='ltr'><strong> </strong></span> 
     </span>
    </p>
   </div>
   <div class='ocr_carea' id='block_1_21' title="bbox 1128 2956 1134 3096">
    <p class='ocr_par' dir='ltr' id='par_1_24' title="bbox 1128 2956 1134 3096">
     <span class='ocr_line' id='line_1_65' title="bbox 1128 2956 1134 3096; baseline 0 0"><span class='ocrx_word' id='word_1_464' title='bbox 1128 2956 1134 3096; x_wconf 95' lang='lat' dir='ltr'><strong> </strong></span> 
     </span>
    </p>
   </div>
   <div class='ocr_carea' id='block_1_22' title="bbox 1129 3098 1134 3326">
    <p class='ocr_par' dir='ltr' id='par_1_25' title="bbox 1129 3098 1134 3326">
     <span class='ocr_line' id='line_1_66' title="bbox 1129 3098 1134 3326; baseline 0 358"><span class='ocrx_word' id='word_1_465' title='bbox 1129 3098 1134 3326; x_wconf 95' lang='lat' dir='ltr'><strong> </strong></span> 
     </span>
    </p>
   </div>
   <div class='ocr_carea' id='block_1_23' title="bbox 1201 929 2178 1043">
    <p class='ocr_par' dir='ltr' id='par_1_26' title="bbox 1201 929 2178 1043">
     <span class='ocr_line' id='line_1_67' title="bbox 1634 929 1696 969; baseline 0.032 -2"><span class='ocrx_word' id='word_1_466' title='bbox 1634 929 1696 969; x_wconf 73' lang='lat'><strong>34.</strong></span> 
     </span>
     <span class='ocr_line' id='line_1_68' title="bbox 1201 987 2178 1043; baseline -0.001 -15"><span class='ocrx_word' id='word_1_467' title='bbox 1201 990 1439 1028; x_wconf 83' lang='lat' dir='ltr'><strong>Phavorinus</strong></span> <span class='ocrx_word' id='word_1_468' title='bbox 1457 1003 1492 1028; x_wconf 92' lang='lat' dir='ltr'><strong>v.</strong></span> <span class='ocrx_word' id='word_1_469' title='bbox 1518 987 1738 1042; x_wconf 86' lang='grc' dir='ltr'>Βοηδρόμια;</span> <span class='ocrx_word' id='word_1_470' title='bbox 1761 987 1891 1043; x_wconf 81' lang='grc' dir='ltr'>Ἑορτή</span> <span class='ocrx_word' id='word_1_471' title='bbox 1916 1006 1967 1034; x_wconf 90' lang='grc' dir='ltr'><strong>τις</strong></span> <span class='ocrx_word' id='word_1_472' title='bbox 1994 989 2178 1038; x_wconf 84' lang='grc' dir='ltr'>Ἀθήνησι,</span> 
     </span>
    </p>
   </div>
   <div class='ocr_carea' id='block_1_24' title="bbox 1148 1044 2180 1101">
    <p class='ocr_par' dir='ltr' id='par_1_27' title="bbox 1148 1044 2180 1101">
     <span class='ocr_line' id='line_1_69' title="bbox 1148 1044 2180 1101; baseline 0 -15"><span class='ocrx_word' id='word_1_473' title='bbox 1148 1046 1240 1086; x_wconf 78' lang='grc' dir='ltr'>οὕτω</span> <span class='ocrx_word' id='word_1_474' title='bbox 1260 1044 1462 1098; x_wconf 86' lang='grc' dir='ltr'>καλουμένη</span> <span class='ocrx_word' id='word_1_475' title='bbox 1475 1077 1486 1095; x_wconf 91' lang='grc'>,</span> <span class='ocrx_word' id='word_1_476' title='bbox 1505 1045 1548 1093; x_wconf 84' lang='grc' dir='ltr'>ἥν</span> <span class='ocrx_word' id='word_1_477' title='bbox 1575 1062 1661 1101; x_wconf 87' lang='grc' dir='ltr'>φησι</span> <span class='ocrx_word' id='word_1_478' title='bbox 1684 1045 1881 1100; x_wconf 87' lang='grc' dir='ltr'>Φιλόχορος</span> <span class='ocrx_word' id='word_1_479' title='bbox 1957 1046 2010 1086; x_wconf 78' lang='grc' dir='ltr'><strong>ὅτι</strong></span> <span class='ocrx_word' id='word_1_480' title='bbox 2035 1050 2180 1099; x_wconf 83' lang='grc' dir='ltr'>ἐτιμᾶτο</span> 
     </span>
    </p>
   </div>
   <div class='ocr_carea' id='block_1_25' title="bbox 1149 1103 2181 1161">
    <p class='ocr_par' dir='ltr' id='par_1_28' title="bbox 1149 1103 2181 1161">
     <span class='ocr_line' id='line_1_70' title="bbox 1149 1103 2181 1161; baseline 0 -16"><span class='ocrx_word' id='word_1_481' title='bbox 1149 1105 1366 1161; x_wconf 88' lang='grc' dir='ltr'>Βοηδρόμιος</span> <span class='ocrx_word' id='word_1_482' title='bbox 1394 1103 1583 1144; x_wconf 85' lang='grc' dir='ltr'>Ἀπόλλων.</span> <span class='ocrx_word' id='word_1_483' title='bbox 1598 1103 1763 1151; x_wconf 79' lang='grc' dir='ltr'>’Ἐκλήθη</span> <span class='ocrx_word' id='word_1_484' title='bbox 1781 1103 1817 1142; x_wconf 85' lang='grc' dir='ltr'><strong>δὲ</strong></span> <span class='ocrx_word' id='word_1_485' title='bbox 1839 1104 1898 1143; x_wconf 83' lang='grc' dir='ltr'><strong>καὶ</strong></span> <span class='ocrx_word' id='word_1_486' title='bbox 1916 1108 1938 1152; x_wconf 85' lang='grc' dir='ltr'>ἡ</span> <span class='ocrx_word' id='word_1_487' title='bbox 1957 1106 2057 1145; x_wconf 86' lang='grc' dir='ltr'>θυσία</span> <span class='ocrx_word' id='word_1_488' title='bbox 2083 1106 2143 1145; x_wconf 86' lang='grc' dir='ltr'><strong>καὶ</strong></span> <span class='ocrx_word' id='word_1_489' title='bbox 2162 1109 2181 1145; x_wconf 84' lang='grc' dir='ltr'>ὁ</span> 
     </span>
    </p>
   </div>
   <div class='ocr_carea' id='block_1_26' title="bbox 1117 1166 1232 1223">
    <p class='ocr_par' dir='ltr' id='par_1_29' title="bbox 1117 1166 1232 1223">
     <span class='ocr_line' id='line_1_71' title="bbox 1117 1166 1232 1223; baseline 0 -19"><span class='ocrx_word' id='word_1_490' title='bbox 1117 1192 1122 1223; x_wconf 60' lang='grc' dir='ltr'>γ</span> <span class='ocrx_word' id='word_1_491' title='bbox 1150 1166 1232 1218; x_wconf 84' lang='grc' dir='ltr'>μήν.</span> 
     </span>
    </p>
   </div>
   <div class='ocr_carea' id='block_1_27' title="bbox 1150 1223 2184 1452">
    <p class='ocr_par' dir='ltr' id='par_1_30' title="bbox 1150 1223 2184 1452">
     <span class='ocr_line' id='line_1_72' title="bbox 1202 1223 2182 1275; baseline -0.001 -12"><span class='ocrx_word' id='word_1_492' title='bbox 1202 1226 1314 1263; x_wconf 87' lang='lat' dir='ltr'><strong>Prior</strong></span> <span class='ocrx_word' id='word_1_493' title='bbox 1331 1225 1446 1275; x_wconf 89' lang='lat' dir='ltr'><strong>hujus</strong></span> <span class='ocrx_word' id='word_1_494' title='bbox 1466 1223 1540 1261; x_wconf 89' lang='lat' dir='ltr'><strong>loci</strong></span> <span class='ocrx_word' id='word_1_495' title='bbox 1558 1237 1661 1274; x_wconf 84' lang='lat' dir='ltr'><strong>pars,</strong></span> <span class='ocrx_word' id='word_1_496' title='bbox 1676 1223 1788 1261; x_wconf 80' lang='lat' dir='ltr'><strong>valde</strong></span> <span class='ocrx_word' id='word_1_497' title='bbox 1806 1224 1989 1272; x_wconf 80' lang='lat' dir='ltr'><strong>mutilata,</strong></span> <span class='ocrx_word' id='word_1_498' title='bbox 2019 1238 2066 1261; x_wconf 80' lang='lat' dir='ltr'><strong>ex</strong></span> <span class='ocrx_word' id='word_1_499' title='bbox 2083 1228 2182 1262; x_wconf 84' lang='lat' dir='ltr'><strong>Har-</strong></span> 
     </span>
     <span class='ocr_line' id='line_1_73' title="bbox 1150 1283 2184 1335; baseline -0.001 -13"><span class='ocrx_word' id='word_1_500' title='bbox 1150 1284 1376 1335; x_wconf 70' lang='lat' dir='ltr'><strong>pocratione</strong></span> <span class='ocrx_word' id='word_1_501' title='bbox 1394 1284 1529 1320; x_wconf 88' lang='lat' dir='ltr'><strong>hausta</strong></span> <span class='ocrx_word' id='word_1_502' title='bbox 1546 1290 1620 1320; x_wconf 85' lang='lat' dir='ltr'><strong>est:</strong></span> <span class='ocrx_word' id='word_1_503' title='bbox 1640 1283 1834 1334; x_wconf 84' lang='lat' dir='ltr'><strong>posterior</strong></span> <span class='ocrx_word' id='word_1_504' title='bbox 1848 1296 1937 1334; x_wconf 78' lang='lat' dir='ltr'><strong>pars</strong></span> <span class='ocrx_word' id='word_1_505' title='bbox 1952 1283 2184 1321; x_wconf 79' lang='lat' dir='ltr'><strong>conferenda</strong></span> 
     </span>
     <span class='ocr_line' id='line_1_74' title="bbox 1151 1340 2184 1395; baseline -0.002 -14"><span class='ocrx_word' id='word_1_506' title='bbox 1151 1351 1207 1381; x_wconf 87' lang='lat' dir='ltr'><strong>est</strong></span> <span class='ocrx_word' id='word_1_507' title='bbox 1223 1356 1310 1380; x_wconf 90' lang='lat' dir='ltr'><strong>cum</strong></span> <span class='ocrx_word' id='word_1_508' title='bbox 1329 1342 1388 1390; x_wconf 90' lang='lat' dir='ltr'><strong>iis,</strong></span> <span class='ocrx_word' id='word_1_509' title='bbox 1410 1355 1491 1392; x_wconf 85' lang='lat' dir='ltr'><strong>quae</strong></span> <span class='ocrx_word' id='word_1_510' title='bbox 1513 1341 1553 1378; x_wconf 90' lang='lat' dir='ltr'><strong>in</strong></span> <span class='ocrx_word' id='word_1_511' title='bbox 1571 1344 1695 1391; x_wconf 88' lang='lat' dir='ltr'><strong>Etym.</strong></span> <span class='ocrx_word' id='word_1_512' title='bbox 1722 1345 1775 1379; x_wconf 90' lang='lat' dir='ltr'><strong>M.</strong></span> <span class='ocrx_word' id='word_1_513' title='bbox 1809 1355 1846 1379; x_wconf 82' lang='lat' dir='ltr'><strong>v.</strong></span> <span class='ocrx_word' id='word_1_514' title='bbox 1867 1340 2094 1395; x_wconf 86' lang='grc' dir='ltr'>Βοηδρομιὼν</span> <span class='ocrx_word' id='word_1_515' title='bbox 2126 1342 2184 1379; x_wconf 81' lang='lat' dir='ltr'><strong>le-</strong></span> 
     </span>
     <span class='ocr_line' id='line_1_75' title="bbox 1152 1410 1304 1452; baseline -0.013 -12"><span class='ocrx_word' id='word_1_516' title='bbox 1152 1410 1304 1452; x_wconf 85' lang='lat' dir='ltr'><strong>guntur.</strong></span> 
     </span>
    </p>
   </div>
   <div class='ocr_carea' id='block_1_28' title="bbox 1641 1465 1702 1502">
    <p class='ocr_par' dir='ltr' id='par_1_31' title="bbox 1641 1465 1702 1502">
     <span class='ocr_line' id='line_1_76' title="bbox 1641 1465 1702 1502; baseline 0.016 -1"><span class='ocrx_word' id='word_1_517' title='bbox 1641 1465 1702 1502; x_wconf 88' lang='lat'><strong>35.</strong></span> 
     </span>
    </p>
   </div>
   <div class='ocr_carea' id='block_1_29' title="bbox 1151 1526 2189 2288">
    <p class='ocr_par' dir='ltr' id='par_1_32' title="bbox 1151 1526 2189 2098">
     <span class='ocr_line' id='line_1_77' title="bbox 1206 1526 2187 1579; baseline 0 -13"><span class='ocrx_word' id='word_1_518' title='bbox 1206 1528 1330 1566; x_wconf 88' lang='lat' dir='ltr'><strong>Strab.</strong></span> <span class='ocrx_word' id='word_1_519' title='bbox 1369 1531 1439 1575; x_wconf 87' lang='lat' dir='ltr'><strong>IX,</strong></span> <span class='ocrx_word' id='word_1_520' title='bbox 1464 1531 1502 1579; x_wconf 82' lang='lat' dir='ltr'><strong>p.</strong></span> <span class='ocrx_word' id='word_1_521' title='bbox 1535 1529 1605 1565; x_wconf 90' lang='lat'><strong>601</strong></span> <span class='ocrx_word' id='word_1_522' title='bbox 1635 1529 1731 1565; x_wconf 90' lang='lat' dir='ltr'><strong>Alm.</strong></span> <span class='ocrx_word' id='word_1_523' title='bbox 1769 1527 1861 1579; x_wconf 80' lang='lat'>(339</span> <span class='ocrx_word' id='word_1_524' title='bbox 1896 1527 2044 1579; x_wconf 87' lang='lat' dir='ltr'><strong>Tzsch.)</strong></span> <span class='ocrx_word' id='word_1_525' title='bbox 2061 1543 2069 1565; x_wconf 75' lang='grc' dir='ltr'>ε</span> <span class='ocrx_word' id='word_1_526' title='bbox 2085 1526 2137 1568; x_wconf 79' lang='grc' dir='ltr'><strong>Οἵ</strong></span> <span class='ocrx_word' id='word_1_527' title='bbox 2149 1545 2187 1566; x_wconf 88' lang='grc' dir='ltr'><strong>τε</strong></span> 
     </span>
     <span class='ocr_line' id='line_1_78' title="bbox 1151 1581 2187 1641; baseline -0.001 -14"><span class='ocrx_word' id='word_1_528' title='bbox 1151 1586 1215 1636; x_wconf 83' lang='grc' dir='ltr'><strong>τὴν</strong></span> <span class='ocrx_word' id='word_1_529' title='bbox 1239 1586 1377 1626; x_wconf 87' lang='grc' dir='ltr'>Ἀτθίδα</span> <span class='ocrx_word' id='word_1_530' title='bbox 1393 1581 1656 1641; x_wconf 75' lang='grc' dir='ltr'>συγγράψαντες</span> <span class='ocrx_word' id='word_1_531' title='bbox 1667 1584 1783 1625; x_wconf 83' lang='grc' dir='ltr'>πολλὰ</span> <span class='ocrx_word' id='word_1_532' title='bbox 1797 1587 2066 1640; x_wconf 84' lang='grc' dir='ltr'>διαφωνοῦντες,</span> <span class='ocrx_word' id='word_1_533' title='bbox 2085 1586 2187 1626; x_wconf 81' lang='grc' dir='ltr'>τοῦτό</span> 
     </span>
     <span class='ocr_line' id='line_1_79' title="bbox 1151 1643 2187 1699; baseline -0.001 -14"><span class='ocrx_word' id='word_1_534' title='bbox 1151 1663 1192 1699; x_wconf 87' lang='grc' dir='ltr'>γε</span> <span class='ocrx_word' id='word_1_535' title='bbox 1217 1647 1460 1698; x_wconf 81' lang='grc' dir='ltr'>ὁμολογοῦσιν,</span> <span class='ocrx_word' id='word_1_536' title='bbox 1480 1643 1515 1684; x_wconf 83' lang='grc' dir='ltr'>οἵ</span> <span class='ocrx_word' id='word_1_537' title='bbox 1528 1660 1568 1696; x_wconf 88' lang='grc' dir='ltr'>γε</span> <span class='ocrx_word' id='word_1_538' title='bbox 1586 1644 1691 1697; x_wconf 88' lang='grc' dir='ltr'>λόγου</span> <span class='ocrx_word' id='word_1_539' title='bbox 1720 1644 1808 1690; x_wconf 82' lang='grc' dir='ltr'>ἄξιοι</span> <span class='ocrx_word' id='word_1_540' title='bbox 1823 1676 1833 1694; x_wconf 94' lang='grc'>,</span> <span class='ocrx_word' id='word_1_541' title='bbox 1850 1645 1924 1693; x_wconf 78' lang='grc' dir='ltr'>ὅτι,</span> <span class='ocrx_word' id='word_1_542' title='bbox 1940 1647 2010 1683; x_wconf 84' lang='grc' dir='ltr'><strong>τῶν</strong></span> <span class='ocrx_word' id='word_1_543' title='bbox 2028 1646 2187 1684; x_wconf 89' lang='grc' dir='ltr'>Πανδιο-</span> 
     </span>
     <span class='ocr_line' id='line_1_80' title="bbox 1152 1703 2186 1759; baseline -0.001 -15"><span class='ocrx_word' id='word_1_544' title='bbox 1152 1706 1255 1744; x_wconf 82' lang='grc' dir='ltr'>νιδῶν</span> <span class='ocrx_word' id='word_1_545' title='bbox 1288 1704 1468 1759; x_wconf 85' lang='grc' dir='ltr'>τεσσάρων</span> <span class='ocrx_word' id='word_1_546' title='bbox 1499 1704 1621 1753; x_wconf 85' lang='grc' dir='ltr'>ὄντων,</span> <span class='ocrx_word' id='word_1_547' title='bbox 1648 1704 1784 1756; x_wconf 79' lang='grc' dir='ltr'>Αἰγέως</span> <span class='ocrx_word' id='word_1_548' title='bbox 1819 1721 1857 1743; x_wconf 91' lang='grc' dir='ltr'><strong>τε</strong></span> <span class='ocrx_word' id='word_1_549' title='bbox 1884 1705 1945 1743; x_wconf 80' lang='grc' dir='ltr'><strong>καὶ</strong></span> <span class='ocrx_word' id='word_1_550' title='bbox 1972 1703 2089 1743; x_wconf 86' lang='grc' dir='ltr'>Λύκου</span> <span class='ocrx_word' id='word_1_551' title='bbox 2125 1705 2186 1743; x_wconf 76' lang='grc' dir='ltr'><strong>καὶ</strong></span> 
     </span>
     <span class='ocr_line' id='line_1_81' title="bbox 1154 1763 2188 1818; baseline -0.002 -14"><span class='ocrx_word' id='word_1_552' title='bbox 1154 1766 1362 1808; x_wconf 84' lang='grc' dir='ltr'>Πάλλαντος</span> <span class='ocrx_word' id='word_1_553' title='bbox 1378 1763 1436 1802; x_wconf 85' lang='grc' dir='ltr'><strong>καὶ</strong></span> <span class='ocrx_word' id='word_1_554' title='bbox 1454 1764 1545 1815; x_wconf 80' lang='grc' dir='ltr'>[τοῦ]</span> <span class='ocrx_word' id='word_1_555' title='bbox 1560 1764 1726 1818; x_wconf 87' lang='grc' dir='ltr'>τετάρτου</span> <span class='ocrx_word' id='word_1_556' title='bbox 1740 1764 1865 1812; x_wconf 84' lang='grc' dir='ltr'>Νίσου,</span> <span class='ocrx_word' id='word_1_557' title='bbox 1880 1763 1938 1802; x_wconf 87' lang='grc' dir='ltr'><strong>καὶ</strong></span> <span class='ocrx_word' id='word_1_558' title='bbox 1955 1766 2017 1811; x_wconf 75' lang='grc' dir='ltr'><strong>τῆς</strong></span> <span class='ocrx_word' id='word_1_559' title='bbox 2031 1764 2188 1812; x_wconf 77' lang='grc' dir='ltr'>Ἀττικῆς</span> 
     </span>
     <span class='ocr_line' id='line_1_82' title="bbox 1154 1821 2189 1876; baseline -0.001 -15"><span class='ocrx_word' id='word_1_560' title='bbox 1154 1825 1200 1868; x_wconf 85' lang='grc' dir='ltr'><strong>εἷς</strong></span> <span class='ocrx_word' id='word_1_561' title='bbox 1219 1823 1370 1876; x_wconf 87' lang='grc' dir='ltr'>τέτταρα</span> <span class='ocrx_word' id='word_1_562' title='bbox 1388 1821 1479 1876; x_wconf 91' lang='grc' dir='ltr'>με’ρη</span> <span class='ocrx_word' id='word_1_563' title='bbox 1503 1822 1753 1875; x_wconf 85' lang='grc' dir='ltr'>διαιρεθείσης,</span> <span class='ocrx_word' id='word_1_564' title='bbox 1767 1826 1785 1862; x_wconf 86' lang='grc' dir='ltr'>ὁ</span> <span class='ocrx_word' id='word_1_565' title='bbox 1798 1825 1904 1867; x_wconf 87' lang='grc' dir='ltr'>Νῖσος</span> <span class='ocrx_word' id='word_1_566' title='bbox 1921 1821 1984 1870; x_wconf 79' lang='grc' dir='ltr'><strong>τὴν</strong></span> <span class='ocrx_word' id='word_1_567' title='bbox 2003 1822 2189 1876; x_wconf 86' lang='grc' dir='ltr'>Μεγαρίδα</span> 
     </span>
     <span class='ocr_line' id='line_1_83' title="bbox 1153 1876 2187 1936; baseline -0.001 -15"><span class='ocrx_word' id='word_1_568' title='bbox 1153 1882 1279 1935; x_wconf 86' lang='grc' dir='ltr'>λάχοι,</span> <span class='ocrx_word' id='word_1_569' title='bbox 1297 1882 1357 1921; x_wconf 76' lang='grc' dir='ltr'><strong>καὶ</strong></span> <span class='ocrx_word' id='word_1_570' title='bbox 1376 1881 1496 1920; x_wconf 88' lang='grc' dir='ltr'>κτίσαι</span> <span class='ocrx_word' id='word_1_571' title='bbox 1527 1881 1591 1929; x_wconf 83' lang='grc' dir='ltr'><strong>τὴν</strong></span> <span class='ocrx_word' id='word_1_572' title='bbox 1628 1882 1795 1922; x_wconf 88' lang='grc' dir='ltr'>Νίσαιαν.</span> <span class='ocrx_word' id='word_1_573' title='bbox 1827 1881 2025 1936; x_wconf 84' lang='grc' dir='ltr'>Φιλόχορος</span> <span class='ocrx_word' id='word_1_574' title='bbox 2047 1881 2108 1934; x_wconf 81' lang='grc' dir='ltr'><strong>μὲν</strong></span> <span class='ocrx_word' id='word_1_575' title='bbox 2130 1876 2187 1920; x_wconf 56' lang='lat' dir='ltr'><strong>oliv</strong></span> 
     </span>
     <span class='ocr_line' id='line_1_84' title="bbox 1155 1940 2188 1995; baseline -0.001 -15"><span class='ocrx_word' id='word_1_576' title='bbox 1155 1941 1224 1980; x_wconf 85' lang='grc' dir='ltr'><strong>ἀπὸ</strong></span> <span class='ocrx_word' id='word_1_577' title='bbox 1251 1943 1375 1993; x_wconf 75' lang='grc' dir='ltr'>ἰσθμοῦ</span> <span class='ocrx_word' id='word_1_578' title='bbox 1396 1940 1502 1994; x_wconf 86' lang='grc' dir='ltr'>μέχρι</span> <span class='ocrx_word' id='word_1_579' title='bbox 1523 1944 1585 1979; x_wconf 78' lang='grc' dir='ltr'><strong>τοῦ</strong></span> <span class='ocrx_word' id='word_1_580' title='bbox 1605 1941 1737 1980; x_wconf 90' lang='grc' dir='ltr'>Πυθίου</span> <span class='ocrx_word' id='word_1_581' title='bbox 1752 1941 1882 1988; x_wconf 83' lang='grc' dir='ltr'>διήκειν</span> <span class='ocrx_word' id='word_1_582' title='bbox 1909 1943 2012 1980; x_wconf 81' lang='grc' dir='ltr'>αὐτοῦ</span> <span class='ocrx_word' id='word_1_583' title='bbox 2025 1956 2109 1995; x_wconf 88' lang='grc' dir='ltr'>φησι</span> <span class='ocrx_word' id='word_1_584' title='bbox 2125 1940 2188 1989; x_wconf 83' lang='grc' dir='ltr'><strong>τὴν</strong></span> 
     </span>
     <span class='ocr_line' id='line_1_85' title="bbox 1155 1998 2188 2054; baseline 0 -16"><span class='ocrx_word' id='word_1_585' title='bbox 1155 1999 1282 2054; x_wconf 86' lang='grc' dir='ltr'>ἀρχὴν,</span> <span class='ocrx_word' id='word_1_586' title='bbox 1300 1998 1454 2054; x_wconf 78' lang='grc' dir='ltr'>Ἄνδρων</span> <span class='ocrx_word' id='word_1_587' title='bbox 1473 1998 1511 2037; x_wconf 79' lang='grc' dir='ltr'><strong>δὲ</strong></span> <span class='ocrx_word' id='word_1_588' title='bbox 1524 1998 1632 2054; x_wconf 89' lang='grc' dir='ltr'>μέχρι</span> <span class='ocrx_word' id='word_1_589' title='bbox 1646 1999 1844 2044; x_wconf 84' lang='grc' dir='ltr'>Ἐλευσῖνος</span> <span class='ocrx_word' id='word_1_590' title='bbox 1862 2000 1995 2039; x_wconf 77' lang='grc' dir='ltr'>καὶτοῦ</span> <span class='ocrx_word' id='word_1_591' title='bbox 2016 1999 2188 2053; x_wconf 87' lang='grc' dir='ltr'>Θριασίου</span> 
     </span>
     <span class='ocr_line' id='line_1_86' title="bbox 1155 2059 1288 2098; baseline -0.008 0"><span class='ocrx_word' id='word_1_592' title='bbox 1155 2059 1288 2098; x_wconf 87' lang='grc' dir='ltr'>πεδίου.</span> 
     </span>
    </p>

    <p class='ocr_par' dir='ltr' id='par_1_33' title="bbox 1157 2116 2189 2288">
     <span class='ocr_line' id='line_1_87' title="bbox 1209 2116 2187 2169; baseline -0.002 -13"><span class='ocrx_word' id='word_1_593' title='bbox 1209 2119 1373 2156; x_wconf 89' lang='lat' dir='ltr'><strong>Lenzius</strong></span> <span class='ocrx_word' id='word_1_594' title='bbox 1402 2118 1606 2169; x_wconf 79' lang='lat' dir='ltr'><strong>legendum</strong></span> <span class='ocrx_word' id='word_1_595' title='bbox 1639 2127 1767 2156; x_wconf 87' lang='lat' dir='ltr'><strong>censet</strong></span> <span class='ocrx_word' id='word_1_596' title='bbox 1801 2116 1935 2168; x_wconf 86' lang='grc' dir='ltr'>Αἰγέως</span> <span class='ocrx_word' id='word_1_597' title='bbox 1964 2130 2035 2168; x_wconf 90' lang='lat' dir='ltr'><strong>pro</strong></span> <span class='ocrx_word' id='word_1_598' title='bbox 2071 2118 2187 2163; x_wconf 73' lang='grc' dir='ltr'>αὐτοῦ,</span> 
     </span>
     <span class='ocr_line' id='line_1_88' title="bbox 1157 2175 2187 2228; baseline 0.002 -15"><span class='ocrx_word' id='word_1_599' title='bbox 1157 2177 1261 2227; x_wconf 83' lang='lat' dir='ltr'><strong>quod</strong></span> <span class='ocrx_word' id='word_1_600' title='bbox 1285 2177 1411 2215; x_wconf 90' lang='lat' dir='ltr'><strong>Schol.</strong></span> <span class='ocrx_word' id='word_1_601' title='bbox 1447 2177 1496 2215; x_wconf 90' lang='lat' dir='ltr'><strong>ad</strong></span> <span class='ocrx_word' id='word_1_602' title='bbox 1518 2176 1710 2228; x_wconf 86' lang='lat' dir='ltr'><strong>Aristoph.</strong></span> <span class='ocrx_word' id='word_1_603' title='bbox 1737 2181 1824 2227; x_wconf 90' lang='lat' dir='ltr'><strong>Lys.</strong></span> <span class='ocrx_word' id='word_1_604' title='bbox 1857 2177 1906 2214; x_wconf 87' lang='grc'><strong>58</strong></span> <span class='ocrx_word' id='word_1_605' title='bbox 1931 2176 2012 2213; x_wconf 88' lang='lat' dir='ltr'><strong>haec</strong></span> <span class='ocrx_word' id='word_1_606' title='bbox 2045 2175 2187 2215; x_wconf 81' lang='lat' dir='ltr'><strong>tradat:</strong></span> 
     </span>
     <span class='ocr_line' id='line_1_89' title="bbox 1157 2233 2189 2288; baseline -0.002 -15"><span class='ocrx_word' id='word_1_607' title='bbox 1157 2235 1320 2273; x_wconf 90' lang='grc' dir='ltr'>Πανδίων</span> <span class='ocrx_word' id='word_1_608' title='bbox 1337 2234 1577 2286; x_wconf 83' lang='grc' dir='ltr'>διαδεξάμενος</span> <span class='ocrx_word' id='word_1_609' title='bbox 1593 2234 1656 2283; x_wconf 89' lang='grc' dir='ltr'><strong>τὴν</strong></span> <span class='ocrx_word' id='word_1_610' title='bbox 1674 2235 1854 2288; x_wconf 86' lang='grc' dir='ltr'>Κέκροπος</span> <span class='ocrx_word' id='word_1_611' title='bbox 1869 2233 2067 2287; x_wconf 88' lang='grc' dir='ltr'>βασιλείαν,</span> <span class='ocrx_word' id='word_1_612' title='bbox 2085 2249 2189 2286; x_wconf 90' lang='grc' dir='ltr'>προσ-</span> 
     </span>
    </p>
   </div>
   <div class='ocr_carea' id='block_1_30' title="bbox 1153 2341 2187 2480">
    <p class='ocr_par' dir='ltr' id='par_1_34' title="bbox 1153 2341 2187 2480">
     <span class='ocr_line' id='line_1_90' title="bbox 1154 2341 2187 2385; baseline -0.001 -11"><span class='ocrx_word' id='word_1_613' title='bbox 1154 2351 1205 2375; x_wconf 82' lang='lat' dir='ltr'><strong>vae</strong></span> <span class='ocrx_word' id='word_1_614' title='bbox 1220 2342 1339 2376; x_wconf 89' lang='lat' dir='ltr'><strong>bovem</strong></span> <span class='ocrx_word' id='word_1_615' title='bbox 1368 2343 1551 2384; x_wconf 84' lang='lat' dir='ltr'><strong>sacrificat,</strong></span> <span class='ocrx_word' id='word_1_616' title='bbox 1580 2344 1710 2385; x_wconf 85' lang='lat' dir='ltr'><strong>oportet</strong></span> <span class='ocrx_word' id='word_1_617' title='bbox 1738 2352 1812 2375; x_wconf 91' lang='lat' dir='ltr'><strong>eum</strong></span> <span class='ocrx_word' id='word_1_618' title='bbox 1829 2351 1903 2375; x_wconf 87' lang='lat' dir='ltr'><strong>cum</strong></span> <span class='ocrx_word' id='word_1_619' title='bbox 1931 2343 2015 2374; x_wconf 86' lang='lat' dir='ltr'><strong>bove</strong></span> <span class='ocrx_word' id='word_1_620' title='bbox 2033 2341 2187 2374; x_wconf 80' lang='lat' dir='ltr'><strong>Pandorae</strong></span> 
     </span>
     <span class='ocr_line' id='line_1_91' title="bbox 1153 2388 2187 2431; baseline -0.003 -9"><span class='ocrx_word' id='word_1_621' title='bbox 1153 2399 1285 2431; x_wconf 89' lang='lat' dir='ltr'><strong>quoque</strong></span> <span class='ocrx_word' id='word_1_622' title='bbox 1300 2390 1553 2430; x_wconf 85' lang='lat' dir='ltr'><strong>(al.Pandroso)</strong></span> <span class='ocrx_word' id='word_1_623' title='bbox 1568 2398 1664 2422; x_wconf 85' lang='lat' dir='ltr'><strong>ovem</strong></span> <span class='ocrx_word' id='word_1_624' title='bbox 1684 2389 1874 2429; x_wconf 81' lang='lat' dir='ltr'><strong>sacrificare,</strong></span> <span class='ocrx_word' id='word_1_625' title='bbox 1883 2389 1981 2430; x_wconf 91' lang='lat' dir='ltr'><strong>idque</strong></span> <span class='ocrx_word' id='word_1_626' title='bbox 1993 2388 2187 2420; x_wconf 83' lang='lat' dir='ltr'><strong>sacrificium</strong></span> 
     </span>
     <span class='ocr_line' id='line_1_92' title="bbox 1154 2438 1564 2480; baseline -0.002 -9"><span class='ocrx_word' id='word_1_627' title='bbox 1154 2438 1332 2471; x_wconf 86' lang='lat' dir='ltr'><strong>vocabatur</strong></span> <span class='ocrx_word' id='word_1_628' title='bbox 1347 2439 1529 2480; x_wconf 88' lang='lat' dir='ltr'><strong>Epiboeum.</strong></span> <span class='ocrx_word' id='word_1_629' title='bbox 1549 2451 1564 2467; x_wconf 93' lang='lat'>»</span> 
     </span>
    </p>
   </div>
   <div class='ocr_carea' id='block_1_31' title="bbox 1637 2494 1699 2526">
    <p class='ocr_par' dir='ltr' id='par_1_35' title="bbox 1637 2494 1699 2526">
     <span class='ocr_line' id='line_1_93' title="bbox 1637 2494 1699 2526; baseline 0 0"><span class='ocrx_word' id='word_1_630' title='bbox 1637 2494 1699 2526; x_wconf 84' lang='lat'><strong>33.</strong></span> 
     </span>
    </p>
   </div>
   <div class='ocr_carea' id='block_1_32' title="bbox 1155 2543 2185 2834">
    <p class='ocr_par' dir='ltr' id='par_1_36' title="bbox 1155 2543 2185 2733">
     <span class='ocr_line' id='line_1_94' title="bbox 1195 2543 2185 2586; baseline -0.006 -7"><span class='ocrx_word' id='word_1_631' title='bbox 1195 2547 1387 2579; x_wconf 82' lang='lat' dir='ltr'><strong>Boedromia</strong></span> <span class='ocrx_word' id='word_1_632' title='bbox 1421 2547 1540 2579; x_wconf 80' lang='lat' dir='ltr'><strong>festum</strong></span> <span class='ocrx_word' id='word_1_633' title='bbox 1571 2548 1640 2578; x_wconf 89' lang='lat' dir='ltr'><strong>erat</strong></span> <span class='ocrx_word' id='word_1_634' title='bbox 1671 2546 1805 2578; x_wconf 82' lang='lat' dir='ltr'><strong>Athenis</strong></span> <span class='ocrx_word' id='word_1_635' title='bbox 1817 2569 1826 2585; x_wconf 91' lang='lat'><strong>,</strong></span> <span class='ocrx_word' id='word_1_636' title='bbox 1855 2545 1943 2586; x_wconf 91' lang='lat' dir='ltr'><strong>quod</strong></span> <span class='ocrx_word' id='word_1_637' title='bbox 1972 2543 2185 2575; x_wconf 85' lang='lat' dir='ltr'><strong>Philochorus</strong></span> 
     </span>
     <span class='ocr_line' id='line_1_95' title="bbox 1155 2593 2184 2633; baseline -0.004 -7"><span class='ocrx_word' id='word_1_638' title='bbox 1155 2594 1239 2627; x_wconf 87' lang='lat' dir='ltr'><strong>libro</strong></span> <span class='ocrx_word' id='word_1_639' title='bbox 1289 2596 1433 2628; x_wconf 89' lang='lat' dir='ltr'><strong>secundo</strong></span> <span class='ocrx_word' id='word_1_640' title='bbox 1473 2595 1662 2627; x_wconf 85' lang='lat' dir='ltr'><strong>institutum</strong></span> <span class='ocrx_word' id='word_1_641' title='bbox 1698 2594 1799 2626; x_wconf 78' lang='lat' dir='ltr'><strong>fuisse</strong></span> <span class='ocrx_word' id='word_1_642' title='bbox 1842 2593 1938 2625; x_wconf 83' lang='lat' dir='ltr'><strong>refert</strong></span> <span class='ocrx_word' id='word_1_643' title='bbox 1956 2616 1964 2632; x_wconf 91' lang='lat'><strong>,</strong></span> <span class='ocrx_word' id='word_1_644' title='bbox 2009 2594 2184 2633; x_wconf 83' lang='lat' dir='ltr'><strong>postquam</strong></span> 
     </span>
     <span class='ocr_line' id='line_1_96' title="bbox 1155 2639 2184 2684; baseline -0.006 -8"><span class='ocrx_word' id='word_1_645' title='bbox 1155 2646 1235 2683; x_wconf 91' lang='lat' dir='ltr'><strong>Ion,</strong></span> <span class='ocrx_word' id='word_1_646' title='bbox 1250 2644 1352 2676; x_wconf 89' lang='lat' dir='ltr'><strong>Xuthi</strong></span> <span class='ocrx_word' id='word_1_647' title='bbox 1368 2644 1466 2682; x_wconf 88' lang='lat' dir='ltr'><strong>filius,</strong></span> <span class='ocrx_word' id='word_1_648' title='bbox 1487 2653 1581 2684; x_wconf 88' lang='lat' dir='ltr'><strong>opem</strong></span> <span class='ocrx_word' id='word_1_649' title='bbox 1609 2642 1859 2675; x_wconf 85' lang='lat' dir='ltr'><strong>Atheniensibus</strong></span> <span class='ocrx_word' id='word_1_650' title='bbox 1887 2641 2021 2679; x_wconf 84' lang='lat' dir='ltr'><strong>tulerat,</strong></span> <span class='ocrx_word' id='word_1_651' title='bbox 2051 2639 2093 2671; x_wconf 83' lang='lat' dir='ltr'><strong>ab</strong></span> <span class='ocrx_word' id='word_1_652' title='bbox 2121 2642 2184 2672; x_wconf 88' lang='lat' dir='ltr'><strong>Eu-</strong></span> 
     </span>
     <span class='ocr_line' id='line_1_97' title="bbox 1156 2687 2121 2733; baseline -0.004 -11"><span class='ocrx_word' id='word_1_653' title='bbox 1156 2691 1265 2732; x_wconf 89' lang='lat' dir='ltr'><strong>molpo</strong></span> <span class='ocrx_word' id='word_1_654' title='bbox 1283 2692 1423 2733; x_wconf 86' lang='lat' dir='ltr'><strong>Neptuni</strong></span> <span class='ocrx_word' id='word_1_655' title='bbox 1437 2691 1504 2723; x_wconf 89' lang='lat' dir='ltr'><strong>filio</strong></span> <span class='ocrx_word' id='word_1_656' title='bbox 1518 2691 1602 2723; x_wconf 89' lang='lat' dir='ltr'><strong>bello</strong></span> <span class='ocrx_word' id='word_1_657' title='bbox 1618 2690 1754 2729; x_wconf 82' lang='lat' dir='ltr'><strong>vexatis,</strong></span> <span class='ocrx_word' id='word_1_658' title='bbox 1772 2691 1922 2730; x_wconf 80' lang='lat' dir='ltr'><strong>regnante</strong></span> <span class='ocrx_word' id='word_1_659' title='bbox 1933 2687 2121 2719; x_wconf 83' lang='lat' dir='ltr'><strong>Erechtheo.</strong></span> 
     </span>
    </p>

    <p class='ocr_par' dir='ltr' id='par_1_37' title="bbox 1200 2744 2184 2834">
     <span class='ocr_line' id='line_1_98' title="bbox 1643 2744 1705 2776; baseline -0.016 0"><span class='ocrx_word' id='word_1_660' title='bbox 1643 2744 1705 2776; x_wconf 87' lang='grc'><strong>34.</strong></span> 
     </span>
     <span class='ocr_line' id='line_1_99' title="bbox 1200 2792 2184 2834; baseline -0.006 -5"><span class='ocrx_word' id='word_1_661' title='bbox 1200 2797 1392 2830; x_wconf 87' lang='lat' dir='ltr'><strong>Boedromia</strong></span> <span class='ocrx_word' id='word_1_662' title='bbox 1411 2797 1530 2829; x_wconf 81' lang='lat' dir='ltr'><strong>festum</strong></span> <span class='ocrx_word' id='word_1_663' title='bbox 1562 2798 1632 2828; x_wconf 83' lang='lat' dir='ltr'><strong>erat</strong></span> <span class='ocrx_word' id='word_1_664' title='bbox 1650 2794 1794 2834; x_wconf 76' lang='lat' dir='ltr'><strong>Athenis,</strong></span> <span class='ocrx_word' id='word_1_665' title='bbox 1812 2793 1856 2825; x_wconf 87' lang='lat' dir='ltr'><strong>ita</strong></span> <span class='ocrx_word' id='word_1_666' title='bbox 1873 2793 2080 2834; x_wconf 85' lang='lat' dir='ltr'><strong>appellatum,</strong></span> <span class='ocrx_word' id='word_1_667' title='bbox 2096 2792 2184 2833; x_wconf 86' lang='lat' dir='ltr'><strong>quod</strong></span> 
     </span>
    </p>
   </div>
   <div class='ocr_carea' id='block_1_33' title="bbox 1158 2838 2183 2932">
    <p class='ocr_par' dir='ltr' id='par_1_38' title="bbox 1158 2838 2183 2932">
     <span class='ocr_line' id='line_1_100' title="bbox 1158 2838 2183 2882; baseline -0.005 -7"><span class='ocrx_word' id='word_1_668' title='bbox 1158 2844 1369 2876; x_wconf 89' lang='lat' dir='ltr'><strong>Philochorus</strong></span> <span class='ocrx_word' id='word_1_669' title='bbox 1384 2842 1464 2874; x_wconf 90' lang='lat' dir='ltr'><strong>dicit</strong></span> <span class='ocrx_word' id='word_1_670' title='bbox 1533 2842 1608 2882; x_wconf 89' lang='lat' dir='ltr'><strong>quia</strong></span> <span class='ocrx_word' id='word_1_671' title='bbox 1639 2841 1804 2873; x_wconf 84' lang='lat' dir='ltr'><strong>colebatur</strong></span> <span class='ocrx_word' id='word_1_672' title='bbox 1833 2839 1947 2880; x_wconf 88' lang='lat' dir='ltr'><strong>Apollo</strong></span> <span class='ocrx_word' id='word_1_673' title='bbox 1972 2838 2183 2871; x_wconf 89' lang='lat' dir='ltr'><strong>Boedromius</strong></span> 
     </span>
     <span class='ocr_line' id='line_1_101' title="bbox 1160 2885 2119 2932; baseline -0.006 -9"><span class='ocrx_word' id='word_1_674' title='bbox 1160 2890 1395 2932; x_wconf 72' lang='lat' dir='ltr'><strong>(auxiliaris).</strong></span> <span class='ocrx_word' id='word_1_675' title='bbox 1413 2889 1598 2921; x_wconf 85' lang='lat' dir='ltr'><strong>Vocabatur</strong></span> <span class='ocrx_word' id='word_1_676' title='bbox 1614 2889 1658 2920; x_wconf 81' lang='lat' dir='ltr'><strong>ita</strong></span> <span class='ocrx_word' id='word_1_677' title='bbox 1672 2889 1705 2920; x_wconf 88' lang='lat' dir='ltr'><strong>et</strong></span> <span class='ocrx_word' id='word_1_678' title='bbox 1721 2886 1912 2919; x_wconf 85' lang='lat' dir='ltr'><strong>sacrificium</strong></span> <span class='ocrx_word' id='word_1_679' title='bbox 1928 2888 1961 2918; x_wconf 88' lang='lat' dir='ltr'><strong>et</strong></span> <span class='ocrx_word' id='word_1_680' title='bbox 1987 2885 2119 2918; x_wconf 89' lang='lat' dir='ltr'><strong>mensis.</strong></span> 
     </span>
    </p>
   </div>
   <div class='ocr_carea' id='block_1_34' title="bbox 1159 2990 2195 3314">
    <p class='ocr_par' dir='ltr' id='par_1_39' title="bbox 1159 2990 2195 3314">
     <span class='ocr_line' id='line_1_102' title="bbox 1202 2990 2184 3033; baseline -0.003 -8"><span class='ocrx_word' id='word_1_681' title='bbox 1202 2995 1265 3031; x_wconf 92' lang='lat' dir='ltr'><strong>Qui</strong></span> <span class='ocrx_word' id='word_1_682' title='bbox 1295 2993 1463 3025; x_wconf 85' lang='lat' dir='ltr'><strong>Atthidem</strong></span> <span class='ocrx_word' id='word_1_683' title='bbox 1497 2993 1705 3033; x_wconf 86' lang='lat' dir='ltr'><strong>scripserunt,</strong></span> <span class='ocrx_word' id='word_1_684' title='bbox 1724 3000 1912 3032; x_wconf 89' lang='lat' dir='ltr'><strong>quanquam</strong></span> <span class='ocrx_word' id='word_1_685' title='bbox 1929 2992 1963 3024; x_wconf 90' lang='lat' dir='ltr'><strong>in</strong></span> <span class='ocrx_word' id='word_1_686' title='bbox 1980 2991 2089 3023; x_wconf 82' lang='lat' dir='ltr'><strong>multis</strong></span> <span class='ocrx_word' id='word_1_687' title='bbox 2121 2990 2184 3023; x_wconf 89' lang='lat' dir='ltr'><strong>dis·</strong></span> 
     </span>
     <span class='ocr_line' id='line_1_103' title="bbox 1160 3039 2183 3080; baseline -0.003 -7"><span class='ocrx_word' id='word_1_688' title='bbox 1160 3041 1323 3079; x_wconf 86' lang='lat' dir='ltr'><strong>sentiunt,</strong></span> <span class='ocrx_word' id='word_1_689' title='bbox 1348 3040 1381 3071; x_wconf 89' lang='lat' dir='ltr'><strong>in</strong></span> <span class='ocrx_word' id='word_1_690' title='bbox 1397 3049 1435 3072; x_wconf 88' lang='lat' dir='ltr'><strong>eo</strong></span> <span class='ocrx_word' id='word_1_691' title='bbox 1450 3042 1559 3071; x_wconf 80' lang='lat' dir='ltr'><strong>tamen</strong></span> <span class='ocrx_word' id='word_1_692' title='bbox 1574 3048 1686 3070; x_wconf 86' lang='lat' dir='ltr'><strong>omnes</strong></span> <span class='ocrx_word' id='word_1_693' title='bbox 1698 3063 1707 3079; x_wconf 96' lang='lat'><strong>,</strong></span> <span class='ocrx_word' id='word_1_694' title='bbox 1725 3039 1781 3080; x_wconf 78' lang='lat' dir='ltr'><strong>qui</strong></span> <span class='ocrx_word' id='word_1_695' title='bbox 1797 3039 1930 3079; x_wconf 90' lang='lat' dir='ltr'><strong>quidem</strong></span> <span class='ocrx_word' id='word_1_696' title='bbox 1954 3039 2090 3079; x_wconf 84' lang='lat' dir='ltr'><strong>alicujus</strong></span> <span class='ocrx_word' id='word_1_697' title='bbox 2106 3041 2183 3070; x_wconf 87' lang='lat' dir='ltr'><strong>sunt</strong></span> 
     </span>
     <span class='ocr_line' id='line_1_104' title="bbox 1159 3085 2195 3126; baseline -0.001 -8"><span class='ocrx_word' id='word_1_698' title='bbox 1159 3087 1298 3119; x_wconf 90' lang='lat' dir='ltr'><strong>nominis</strong></span> <span class='ocrx_word' id='word_1_699' title='bbox 1313 3110 1322 3126; x_wconf 87' lang='lat'><strong>,</strong></span> <span class='ocrx_word' id='word_1_700' title='bbox 1341 3086 1558 3125; x_wconf 87' lang='lat' dir='ltr'><strong>consentiunt,</strong></span> <span class='ocrx_word' id='word_1_701' title='bbox 1583 3085 1681 3126; x_wconf 89' lang='lat' dir='ltr'><strong>quod,</strong></span> <span class='ocrx_word' id='word_1_702' title='bbox 1705 3094 1807 3126; x_wconf 90' lang='lat' dir='ltr'><strong>quum</strong></span> <span class='ocrx_word' id='word_1_703' title='bbox 1838 3085 2048 3117; x_wconf 85' lang='lat' dir='ltr'><strong>Pandionidae</strong></span> <span class='ocrx_word' id='word_1_704' title='bbox 2076 3088 2195 3121; x_wconf 72' lang='lat' dir='ltr'><strong>essent</strong></span> 
     </span>
     <span class='ocr_line' id='line_1_105' title="bbox 1159 3132 2182 3175; baseline -0.002 -10"><span class='ocrx_word' id='word_1_705' title='bbox 1159 3135 1310 3175; x_wconf 82' lang='lat' dir='ltr'><strong>quatuor,</strong></span> <span class='ocrx_word' id='word_1_706' title='bbox 1326 3135 1455 3174; x_wconf 88' lang='lat' dir='ltr'><strong>AEgeus,</strong></span> <span class='ocrx_word' id='word_1_707' title='bbox 1473 3135 1597 3173; x_wconf 86' lang='lat' dir='ltr'><strong>Lycus,</strong></span> <span class='ocrx_word' id='word_1_708' title='bbox 1630 3132 1736 3164; x_wconf 84' lang='lat' dir='ltr'><strong>Pallas</strong></span> <span class='ocrx_word' id='word_1_709' title='bbox 1759 3134 1792 3164; x_wconf 91' lang='lat' dir='ltr'><strong>et</strong></span> <span class='ocrx_word' id='word_1_710' title='bbox 1808 3133 1921 3172; x_wconf 87' lang='lat' dir='ltr'><strong>Nisus,</strong></span> <span class='ocrx_word' id='word_1_711' title='bbox 1940 3132 2112 3173; x_wconf 83' lang='lat' dir='ltr'><strong>Atticaque</strong></span> <span class='ocrx_word' id='word_1_712' title='bbox 2135 3132 2182 3164; x_wconf 87' lang='lat' dir='ltr'><strong>di-</strong></span> 
     </span>
     <span class='ocr_line' id='line_1_106' title="bbox 1159 3178 2182 3220; baseline -0.002 -9"><span class='ocrx_word' id='word_1_713' title='bbox 1159 3181 1230 3212; x_wconf 81' lang='lat' dir='ltr'><strong>visa</strong></span> <span class='ocrx_word' id='word_1_714' title='bbox 1245 3183 1329 3212; x_wconf 87' lang='lat' dir='ltr'><strong>esset</strong></span> <span class='ocrx_word' id='word_1_715' title='bbox 1345 3181 1379 3211; x_wconf 92' lang='lat' dir='ltr'><strong>in</strong></span> <span class='ocrx_word' id='word_1_716' title='bbox 1394 3181 1533 3220; x_wconf 87' lang='lat' dir='ltr'><strong>quatuor</strong></span> <span class='ocrx_word' id='word_1_717' title='bbox 1555 3179 1732 3220; x_wconf 87' lang='lat' dir='ltr'><strong>portiones,</strong></span> <span class='ocrx_word' id='word_1_718' title='bbox 1750 3179 1848 3211; x_wconf 88' lang='lat' dir='ltr'><strong>Nisus</strong></span> <span class='ocrx_word' id='word_1_719' title='bbox 1873 3178 2069 3220; x_wconf 86' lang='lat' dir='ltr'><strong>Megaridem</strong></span> <span class='ocrx_word' id='word_1_720' title='bbox 2097 3180 2182 3215; x_wconf 81' lang='lat' dir='ltr'><strong>sorte</strong></span> 
     </span>
     <span class='ocr_line' id='line_1_107' title="bbox 1159 3225 2181 3266; baseline -0.003 -7"><span class='ocrx_word' id='word_1_721' title='bbox 1159 3227 1347 3266; x_wconf 66' lang='lat' dir='ltr'><strong>obtinuerit,</strong></span> <span class='ocrx_word' id='word_1_722' title='bbox 1360 3227 1564 3266; x_wconf 83' lang='lat' dir='ltr'><strong>Nisaeamque</strong></span> <span class='ocrx_word' id='word_1_723' title='bbox 1575 3226 1765 3258; x_wconf 91' lang='lat' dir='ltr'><strong>condiderit.</strong></span> <span class='ocrx_word' id='word_1_724' title='bbox 1777 3226 1988 3258; x_wconf 90' lang='lat' dir='ltr'><strong>Philochorus</strong></span> <span class='ocrx_word' id='word_1_725' title='bbox 2003 3226 2043 3258; x_wconf 86' lang='lat' dir='ltr'><strong>ab</strong></span> <span class='ocrx_word' id='word_1_726' title='bbox 2056 3225 2181 3260; x_wconf 85' lang='lat' dir='ltr'><strong>Isthmo</strong></span> 
     </span>
     <span class='ocr_line' id='line_1_108' title="bbox 1160 3271 2180 3314; baseline -0.002 -9"><span class='ocrx_word' id='word_1_727' title='bbox 1160 3274 1198 3305; x_wconf 90' lang='lat' dir='ltr'><strong>ad</strong></span> <span class='ocrx_word' id='word_1_728' title='bbox 1217 3273 1369 3313; x_wconf 88' lang='lat' dir='ltr'><strong>Pythium</strong></span> <span class='ocrx_word' id='word_1_729' title='bbox 1384 3282 1487 3314; x_wconf 89' lang='lat' dir='ltr'><strong>usque</strong></span> <span class='ocrx_word' id='word_1_730' title='bbox 1497 3281 1629 3313; x_wconf 87' lang='lat' dir='ltr'><strong>regnum</strong></span> <span class='ocrx_word' id='word_1_731' title='bbox 1643 3273 1712 3314; x_wconf 87' lang='lat' dir='ltr'><strong>ejus</strong></span> <span class='ocrx_word' id='word_1_732' title='bbox 1726 3273 1919 3314; x_wconf 84' lang='lat' dir='ltr'><strong>pertinuisse</strong></span> <span class='ocrx_word' id='word_1_733' title='bbox 1934 3273 2056 3313; x_wconf 84' lang='lat' dir='ltr'><strong>scribit,</strong></span> <span class='ocrx_word' id='word_1_734' title='bbox 2071 3271 2180 3305; x_wconf 85' lang='lat' dir='ltr'><strong>Andro</strong></span> 
     </span>
    </p>
   </div>
   <div class='ocr_carea' id='block_1_35' title="bbox 1131 3319 1940 3361">
    <p class='ocr_par' dir='ltr' id='par_1_40' title="bbox 1131 3319 1940 3361">
     <span class='ocr_line' id='line_1_109' title="bbox 1131 3319 1940 3361; baseline -0.001 -9"><span class='ocrx_word' id='word_1_735' title='bbox 1131 3331 1134 3358; x_wconf 49' lang='grc' dir='ltr'>ι</span> <span class='ocrx_word' id='word_1_736' title='bbox 1162 3329 1264 3360; x_wconf 85' lang='lat' dir='ltr'><strong>usque</strong></span> <span class='ocrx_word' id='word_1_737' title='bbox 1279 3320 1317 3352; x_wconf 86' lang='lat' dir='ltr'><strong>ad</strong></span> <span class='ocrx_word' id='word_1_738' title='bbox 1334 3319 1516 3352; x_wconf 88' lang='lat' dir='ltr'><strong>Eleusinem</strong></span> <span class='ocrx_word' id='word_1_739' title='bbox 1533 3321 1565 3352; x_wconf 89' lang='lat' dir='ltr'><strong>et</strong></span> <span class='ocrx_word' id='word_1_740' title='bbox 1579 3328 1729 3361; x_wconf 88' lang='lat' dir='ltr'><strong>campum</strong></span> <span class='ocrx_word' id='word_1_741' title='bbox 1747 3319 1940 3353; x_wconf 88' lang='lat' dir='ltr'><strong>Thriasium.</strong></span> 
     </span>
    </p>
   </div>
  </div>
 </body>
</html>
