<?xml version="1.0" encoding="UTF-8"?>
<!DOCTYPE html PUBLIC "-//W3C//DTD XHTML 1.0 Transitional//EN"
    "http://www.w3.org/TR/xhtml1/DTD/xhtml1-transitional.dtd">
<html xmlns="http://www.w3.org/1999/xhtml" xml:lang="en" lang="en">
 <head>
  <title>
</title>
<meta http-equiv="Content-Type" content="text/html;charset=utf-8" />
  <meta name='ocr-system' content='tesseract 3.04.00' />
  <meta name='ocr-capabilities' content='ocr_page ocr_carea ocr_par ocr_line ocrx_word'/>
</head>
<body>
  <div class='ocr_page' id='page_1' title='image "./fragmentahistori01mueluoft_0645.png"; bbox 0 0 2320 3684; ppageno 0'>
   <div class='ocr_carea' id='block_1_1' title="bbox 926 131 1294 176">
    <p class='ocr_par' dir='ltr' id='par_1_1' title="bbox 926 131 1294 176">
     <span class='ocr_line' id='line_1_1' title="bbox 926 131 1294 176; baseline 0.005 -2"><span class='ocrx_word' id='word_1_1' title='bbox 926 131 1294 176; x_wconf 86' lang='lat' dir='ltr'>INTBODUCTIO.</span> 
     </span>
    </p>
   </div>
   <div class='ocr_carea' id='block_1_2' title="bbox 10 218 1097 2404">
    <p class='ocr_par' dir='ltr' id='par_1_2' title="bbox 10 218 1097 2404">
     <span class='ocr_line' id='line_1_2' title="bbox 75 218 1097 272; baseline -0.004 -13"><span class='ocrx_word' id='word_1_2' title='bbox 75 230 167 259; x_wconf 79' lang='lat' dir='ltr'>tium</span> <span class='ocrx_word' id='word_1_3' title='bbox 186 219 350 271; x_wconf 86' lang='lat' dir='ltr'>apposui</span> <span class='ocrx_word' id='word_1_4' title='bbox 374 233 583 269; x_wconf 87' lang='lat' dir='ltr'>annorum,</span> <span class='ocrx_word' id='word_1_5' title='bbox 600 234 642 258; x_wconf 82' lang='lat' dir='ltr'>ln</span> <span class='ocrx_word' id='word_1_6' title='bbox 661 219 767 272; x_wconf 88' lang='lat' dir='ltr'>quod</span> <span class='ocrx_word' id='word_1_7' title='bbox 785 219 817 257; x_wconf 91' lang='lat' dir='ltr'>is</span> <span class='ocrx_word' id='word_1_8' title='bbox 839 218 1007 257; x_wconf 81' lang='lat' dir='ltr'>incidere</span> <span class='ocrx_word' id='word_1_9' title='bbox 1027 218 1097 255; x_wconf 91' lang='lat' dir='ltr'>de-</span> 
     </span>
     <span class='ocr_line' id='line_1_3' title="bbox 71 277 1096 325; baseline -0.003 -8"><span class='ocrx_word' id='word_1_10' title='bbox 71 279 170 318; x_wconf 84' lang='lat' dir='ltr'>beat.</span> <span class='ocrx_word' id='word_1_11' title='bbox 192 282 275 317; x_wconf 94' lang='lat' dir='ltr'>Hoc</span> <span class='ocrx_word' id='word_1_12' title='bbox 294 279 408 316; x_wconf 90' lang='lat' dir='ltr'>etiam</span> <span class='ocrx_word' id='word_1_13' title='bbox 429 287 510 316; x_wconf 90' lang='lat' dir='ltr'>tum</span> <span class='ocrx_word' id='word_1_14' title='bbox 528 280 656 317; x_wconf 90' lang='lat' dir='ltr'>locum</span> <span class='ocrx_word' id='word_1_15' title='bbox 671 278 806 325; x_wconf 82' lang='lat' dir='ltr'>habet,</span> <span class='ocrx_word' id='word_1_16' title='bbox 828 277 895 315; x_wconf 88' lang='lat' dir='ltr'>ubi</span> <span class='ocrx_word' id='word_1_17' title='bbox 914 290 1096 314; x_wconf 87' lang='lat' dir='ltr'>numerus</span> 
     </span>
     <span class='ocr_line' id='line_1_4' title="bbox 71 336 1096 384; baseline -0.003 -9"><span class='ocrx_word' id='word_1_18' title='bbox 71 338 272 376; x_wconf 84' lang='lat' dir='ltr'>Marmoris</span> <span class='ocrx_word' id='word_1_19' title='bbox 291 346 329 375; x_wconf 91' lang='lat' dir='ltr'>et</span> <span class='ocrx_word' id='word_1_20' title='bbox 348 338 492 375; x_wconf 84' lang='lat' dir='ltr'>archon</span> <span class='ocrx_word' id='word_1_21' title='bbox 508 338 648 375; x_wconf 89' lang='lat' dir='ltr'>servati</span> <span class='ocrx_word' id='word_1_22' title='bbox 667 345 754 375; x_wconf 92' lang='lat' dir='ltr'>sunt</span> <span class='ocrx_word' id='word_1_23' title='bbox 766 366 776 384; x_wconf 95' lang='lat'>,</span> <span class='ocrx_word' id='word_1_24' title='bbox 795 336 862 374; x_wconf 88' lang='lat' dir='ltr'>sed</span> <span class='ocrx_word' id='word_1_25' title='bbox 883 344 970 373; x_wconf 88' lang='lat' dir='ltr'>utro</span> <span class='ocrx_word' id='word_1_26' title='bbox 987 348 1096 372; x_wconf 91' lang='lat' dir='ltr'>com-</span> 
     </span>
     <span class='ocr_line' id='line_1_5' title="bbox 71 394 1094 448; baseline -0.004 -14"><span class='ocrx_word' id='word_1_27' title='bbox 71 401 187 448; x_wconf 86' lang='lat' dir='ltr'>puto,</span> <span class='ocrx_word' id='word_1_28' title='bbox 207 401 242 434; x_wconf 88' lang='lat' dir='ltr'>A</span> <span class='ocrx_word' id='word_1_29' title='bbox 259 410 308 434; x_wconf 83' lang='lat' dir='ltr'>an</span> <span class='ocrx_word' id='word_1_30' title='bbox 324 400 372 441; x_wconf 92' lang='lat' dir='ltr'>B,</span> <span class='ocrx_word' id='word_1_31' title='bbox 390 396 597 434; x_wconf 90' lang='lat' dir='ltr'>sumendus</span> <span class='ocrx_word' id='word_1_32' title='bbox 618 408 798 433; x_wconf 84' lang='lat' dir='ltr'>numerus</span> <span class='ocrx_word' id='word_1_33' title='bbox 817 394 887 440; x_wconf 91' lang='lat' dir='ltr'>sit,</span> <span class='ocrx_word' id='word_1_34' title='bbox 903 407 982 431; x_wconf 89' lang='lat' dir='ltr'>non</span> <span class='ocrx_word' id='word_1_35' title='bbox 997 406 1094 430; x_wconf 93' lang='lat' dir='ltr'>con-</span> 
     </span>
     <span class='ocr_line' id='line_1_6' title="bbox 70 453 1096 506; baseline -0.003 -13"><span class='ocrx_word' id='word_1_36' title='bbox 70 463 164 506; x_wconf 87' lang='lat' dir='ltr'>stat,</span> <span class='ocrx_word' id='word_1_37' title='bbox 193 455 297 505; x_wconf 89' lang='lat' dir='ltr'>quod</span> <span class='ocrx_word' id='word_1_38' title='bbox 326 455 519 493; x_wconf 88' lang='lat' dir='ltr'>archontis</span> <span class='ocrx_word' id='word_1_39' title='bbox 545 468 666 492; x_wconf 91' lang='lat' dir='ltr'>annus</span> <span class='ocrx_word' id='word_1_40' title='bbox 691 453 844 492; x_wconf 86' lang='lat' dir='ltr'>aliunde</span> <span class='ocrx_word' id='word_1_41' title='bbox 866 466 942 490; x_wconf 90' lang='lat' dir='ltr'>non</span> <span class='ocrx_word' id='word_1_42' title='bbox 982 459 1096 490; x_wconf 90' lang='lat' dir='ltr'>notus</span> 
     </span>
     <span class='ocr_line' id='line_1_7' title="bbox 71 513 1096 566; baseline -0.005 -13"><span class='ocrx_word' id='word_1_43' title='bbox 71 522 138 553; x_wconf 91' lang='lat' dir='ltr'>est.</span> <span class='ocrx_word' id='word_1_44' title='bbox 158 517 212 553; x_wconf 84' lang='lat' dir='ltr'>Ut</span> <span class='ocrx_word' id='word_1_45' title='bbox 233 527 293 566; x_wconf 86' lang='lat' dir='ltr'>cp.</span> <span class='ocrx_word' id='word_1_46' title='bbox 319 516 364 560; x_wconf 85' lang='grc'>34</span> <span class='ocrx_word' id='word_1_47' title='bbox 387 514 579 566; x_wconf 80' lang='lat' dir='ltr'>Dropides</span> <span class='ocrx_word' id='word_1_48' title='bbox 598 523 655 552; x_wconf 84' lang='lat' dir='ltr'>est</span> <span class='ocrx_word' id='word_1_49' title='bbox 675 513 838 558; x_wconf 85' lang='lat' dir='ltr'>archon,</span> <span class='ocrx_word' id='word_1_50' title='bbox 858 520 897 550; x_wconf 89' lang='lat' dir='ltr'>et</span> <span class='ocrx_word' id='word_1_51' title='bbox 913 524 1096 550; x_wconf 88' lang='lat' dir='ltr'>numerus</span> 
     </span>
     <span class='ocr_line' id='line_1_8' title="bbox 70 571 1095 625; baseline -0.002 -14"><span class='ocrx_word' id='word_1_52' title='bbox 70 582 242 612; x_wconf 87' lang='lat' dir='ltr'><strong>remanet</strong></span> <span class='ocrx_word' id='word_1_53' title='bbox 265 574 335 611; x_wconf 81' lang='lat'>381</span> <span class='ocrx_word' id='word_1_54' title='bbox 361 588 370 611; x_wconf 73' lang='grc' dir='ltr'>ε</span> <span class='ocrx_word' id='word_1_55' title='bbox 399 573 466 625; x_wconf 87' lang='lat' dir='ltr'>qui</span> <span class='ocrx_word' id='word_1_56' title='bbox 489 582 605 625; x_wconf 91' lang='lat' dir='ltr'>prout</span> <span class='ocrx_word' id='word_1_57' title='bbox 632 586 681 611; x_wconf 89' lang='lat' dir='ltr'>ex</span> <span class='ocrx_word' id='word_1_58' title='bbox 703 579 887 623; x_wconf 88' lang='lat' dir='ltr'>computo</span> <span class='ocrx_word' id='word_1_59' title='bbox 916 575 951 609; x_wconf 91' lang='lat' dir='ltr'>A</span> <span class='ocrx_word' id='word_1_60' title='bbox 979 571 1040 608; x_wconf 84' lang='lat' dir='ltr'>vel</span> <span class='ocrx_word' id='word_1_61' title='bbox 1067 575 1095 609; x_wconf 91' lang='lat' dir='ltr'>B</span> 
     </span>
     <span class='ocr_line' id='line_1_9' title="bbox 70 630 1093 683; baseline -0.004 -13"><span class='ocrx_word' id='word_1_62' title='bbox 70 640 254 682; x_wconf 83' lang='lat' dir='ltr'><strong>sumetur,</strong></span> <span class='ocrx_word' id='word_1_63' title='bbox 270 632 465 683; x_wconf 84' lang='lat' dir='ltr'>Dropides</span> <span class='ocrx_word' id='word_1_64' title='bbox 481 641 547 670; x_wconf 87' lang='lat' dir='ltr'>aut</span> <span class='ocrx_word' id='word_1_65' title='bbox 560 631 715 683; x_wconf 90' lang='lat' dir='ltr'>Olymp.</span> <span class='ocrx_word' id='word_1_66' title='bbox 731 632 794 681; x_wconf 83' lang='lat'>33,</span> <span class='ocrx_word' id='word_1_67' title='bbox 808 636 842 677; x_wconf 91' lang='grc'>4,</span> <span class='ocrx_word' id='word_1_68' title='bbox 857 639 923 668; x_wconf 89' lang='lat' dir='ltr'>aut</span> <span class='ocrx_word' id='word_1_69' title='bbox 936 630 1093 680; x_wconf 90' lang='lat' dir='ltr'>Olymp.</span> 
     </span>
     <span class='ocr_line' id='line_1_10' title="bbox 71 689 1095 741; baseline -0.004 -11"><span class='ocrx_word' id='word_1_70' title='bbox 71 694 134 739; x_wconf 83' lang='grc'>34,</span> <span class='ocrx_word' id='word_1_71' title='bbox 155 705 190 740; x_wconf 87' lang='grc'><strong>1,</strong></span> <span class='ocrx_word' id='word_1_72' title='bbox 208 692 281 730; x_wconf 90' lang='lat' dir='ltr'>erit</span> <span class='ocrx_word' id='word_1_73' title='bbox 296 692 438 729; x_wconf 89' lang='lat' dir='ltr'>archon</span> <span class='ocrx_word' id='word_1_74' title='bbox 457 690 691 729; x_wconf 85' lang='lat' dir='ltr'>statuendus.</span> <span class='ocrx_word' id='word_1_75' title='bbox 709 690 867 728; x_wconf 87' lang='lat' dir='ltr'>Talibus</span> <span class='ocrx_word' id='word_1_76' title='bbox 882 690 922 726; x_wconf 88' lang='lat' dir='ltr'>in</span> <span class='ocrx_word' id='word_1_77' title='bbox 939 689 1095 741; x_wconf 86' lang='lat' dir='ltr'>epochis</span> 
     </span>
     <span class='ocr_line' id='line_1_11' title="bbox 68 748 1093 798; baseline -0.003 -10"><span class='ocrx_word' id='word_1_78' title='bbox 68 764 271 789; x_wconf 88' lang='lat' dir='ltr'>numerum</span> <span class='ocrx_word' id='word_1_79' title='bbox 293 750 494 789; x_wconf 89' lang='lat' dir='ltr'>Marmoris</span> <span class='ocrx_word' id='word_1_80' title='bbox 519 749 702 788; x_wconf 89' lang='lat' dir='ltr'>traditum</span> <span class='ocrx_word' id='word_1_81' title='bbox 722 763 801 787; x_wconf 91' lang='lat' dir='ltr'>non</span> <span class='ocrx_word' id='word_1_82' title='bbox 821 748 1015 798; x_wconf 86' lang='lat' dir='ltr'>adscripto</span> <span class='ocrx_word' id='word_1_83' title='bbox 1034 748 1093 785; x_wconf 89' lang='lat' dir='ltr'>al-</span> 
     </span>
     <span class='ocr_line' id='line_1_12' title="bbox 70 808 1095 861; baseline -0.003 -13"><span class='ocrx_word' id='word_1_84' title='bbox 70 817 152 848; x_wconf 86' lang='lat' dir='ltr'>tero</span> <span class='ocrx_word' id='word_1_85' title='bbox 180 810 446 861; x_wconf 75' lang='lat' dir='ltr'>parenthetica</span> <span class='ocrx_word' id='word_1_86' title='bbox 472 809 512 846; x_wconf 89' lang='lat' dir='ltr'>in</span> <span class='ocrx_word' id='word_1_87' title='bbox 539 810 693 847; x_wconf 88' lang='lat' dir='ltr'>Canone</span> <span class='ocrx_word' id='word_1_88' title='bbox 721 808 831 855; x_wconf 89' lang='lat' dir='ltr'>dedi,</span> <span class='ocrx_word' id='word_1_89' title='bbox 864 808 931 846; x_wconf 90' lang='lat' dir='ltr'>sed</span> <span class='ocrx_word' id='word_1_90' title='bbox 960 808 1095 858; x_wconf 90' lang='lat' dir='ltr'>Olym-</span> 
     </span>
     <span class='ocr_line' id='line_1_13' title="bbox 68 867 1095 919; baseline -0.001 -14"><span class='ocrx_word' id='word_1_91' title='bbox 68 868 196 919; x_wconf 86' lang='lat' dir='ltr'>picum</span> <span class='ocrx_word' id='word_1_92' title='bbox 223 881 364 905; x_wconf 88' lang='lat' dir='ltr'>annum</span> <span class='ocrx_word' id='word_1_93' title='bbox 399 867 632 919; x_wconf 90' lang='lat' dir='ltr'>dupplicem.</span> <span class='ocrx_word' id='word_1_94' title='bbox 667 871 716 905; x_wconf 89' lang='lat' dir='ltr'>At</span> <span class='ocrx_word' id='word_1_95' title='bbox 748 875 837 905; x_wconf 90' lang='lat' dir='ltr'>ante</span> <span class='ocrx_word' id='word_1_96' title='bbox 863 879 1011 904; x_wconf 88' lang='lat' dir='ltr'>annuos</span> <span class='ocrx_word' id='word_1_97' title='bbox 1031 880 1095 904; x_wconf 90' lang='lat' dir='ltr'>ar-</span> 
     </span>
     <span class='ocr_line' id='line_1_14' title="bbox 69 925 1094 977; baseline -0.001 -12"><span class='ocrx_word' id='word_1_98' title='bbox 69 927 228 966; x_wconf 88' lang='lat' dir='ltr'>chontes</span> <span class='ocrx_word' id='word_1_99' title='bbox 246 925 432 974; x_wconf 89' lang='lat' dir='ltr'>subsidia,</span> <span class='ocrx_word' id='word_1_100' title='bbox 463 940 510 964; x_wconf 89' lang='lat' dir='ltr'>ex</span> <span class='ocrx_word' id='word_1_101' title='bbox 528 926 668 977; x_wconf 87' lang='lat' dir='ltr'>quibus</span> <span class='ocrx_word' id='word_1_102' title='bbox 693 926 741 963; x_wconf 95' lang='lat' dir='ltr'>de</span> <span class='ocrx_word' id='word_1_103' title='bbox 760 926 933 976; x_wconf 89' lang='lat' dir='ltr'>computi</span> <span class='ocrx_word' id='word_1_104' title='bbox 955 939 1094 977; x_wconf 83' lang='lat' dir='ltr'>genere</span> 
     </span>
     <span class='ocr_line' id='line_1_15' title="bbox 63 985 1093 1037; baseline -0.002 -13"><span class='ocrx_word' id='word_1_105' title='bbox 63 985 215 1037; x_wconf 86' lang='lat' dir='ltr'>judices</span> <span class='ocrx_word' id='word_1_106' title='bbox 226 1016 236 1034; x_wconf 90' lang='lat'>,</span> <span class='ocrx_word' id='word_1_107' title='bbox 255 999 326 1024; x_wconf 89' lang='lat' dir='ltr'>nos</span> <span class='ocrx_word' id='word_1_108' title='bbox 342 985 525 1023; x_wconf 87' lang='lat' dir='ltr'>deficiunt</span> <span class='ocrx_word' id='word_1_109' title='bbox 541 998 664 1036; x_wconf 84' lang='lat' dir='ltr'>prope</span> <span class='ocrx_word' id='word_1_110' title='bbox 680 985 829 1023; x_wconf 90' lang='lat' dir='ltr'>omnia:</span> <span class='ocrx_word' id='word_1_111' title='bbox 847 992 976 1035; x_wconf 90' lang='lat' dir='ltr'>posset</span> <span class='ocrx_word' id='word_1_112' title='bbox 991 986 1093 1022; x_wconf 87' lang='lat' dir='ltr'>enim</span> 
     </span>
     <span class='ocr_line' id='line_1_16' title="bbox 70 1044 1095 1096; baseline -0.002 -13"><span class='ocrx_word' id='word_1_113' title='bbox 70 1045 118 1083; x_wconf 88' lang='lat' dir='ltr'>de</span> <span class='ocrx_word' id='word_1_114' title='bbox 142 1058 188 1083; x_wconf 85' lang='lat' dir='ltr'>eo</span> <span class='ocrx_word' id='word_1_115' title='bbox 219 1053 299 1082; x_wconf 91' lang='lat' dir='ltr'>tum</span> <span class='ocrx_word' id='word_1_116' title='bbox 331 1053 481 1082; x_wconf 87' lang='lat' dir='ltr'>tantum</span> <span class='ocrx_word' id='word_1_117' title='bbox 506 1044 694 1096; x_wconf 84' lang='lat' dir='ltr'>judicari,</span> <span class='ocrx_word' id='word_1_118' title='bbox 727 1044 759 1082; x_wconf 91' lang='lat' dir='ltr'>si</span> <span class='ocrx_word' id='word_1_119' title='bbox 782 1057 970 1082; x_wconf 90' lang='lat' dir='ltr'>canonem</span> <span class='ocrx_word' id='word_1_120' title='bbox 989 1045 1095 1082; x_wconf 90' lang='lat' dir='ltr'>Atti-</span> 
     </span>
     <span class='ocr_line' id='line_1_17' title="bbox 69 1103 1094 1154; baseline -0.001 -13"><span class='ocrx_word' id='word_1_121' title='bbox 69 1116 203 1141; x_wconf 89' lang='lat' dir='ltr'>corum</span> <span class='ocrx_word' id='word_1_122' title='bbox 236 1117 369 1154; x_wconf 86' lang='lat' dir='ltr'>regum</span> <span class='ocrx_word' id='word_1_123' title='bbox 399 1111 437 1141; x_wconf 89' lang='lat' dir='ltr'>et</span> <span class='ocrx_word' id='word_1_124' title='bbox 472 1103 702 1141; x_wconf 85' lang='lat' dir='ltr'>archontum</span> <span class='ocrx_word' id='word_1_125' title='bbox 739 1111 1016 1154; x_wconf 88' lang='lat' dir='ltr'>perpetuorum</span> <span class='ocrx_word' id='word_1_126' title='bbox 1051 1117 1094 1141; x_wconf 90' lang='lat' dir='ltr'>ac</span> 
     </span>
     <span class='ocr_line' id='line_1_18' title="bbox 69 1161 1092 1213; baseline 0 -13"><span class='ocrx_word' id='word_1_127' title='bbox 69 1161 353 1210; x_wconf 82' lang='lat' dir='ltr'>decennalium,</span> <span class='ocrx_word' id='word_1_128' title='bbox 384 1175 498 1213; x_wconf 90' lang='lat' dir='ltr'>quem</span> <span class='ocrx_word' id='word_1_129' title='bbox 529 1165 668 1201; x_wconf 84' lang='lat' dir='ltr'>Noster</span> <span class='ocrx_word' id='word_1_130' title='bbox 696 1170 848 1200; x_wconf 89' lang='lat' dir='ltr'>secutus</span> <span class='ocrx_word' id='word_1_131' title='bbox 874 1170 952 1211; x_wconf 87' lang='lat' dir='ltr'>est,</span> <span class='ocrx_word' id='word_1_132' title='bbox 983 1170 1092 1200; x_wconf 91' lang='lat' dir='ltr'>tene-</span> 
     </span>
     <span class='ocr_line' id='line_1_19' title="bbox 68 1222 1093 1274; baseline 0 -14"><span class='ocrx_word' id='word_1_133' title='bbox 68 1236 209 1260; x_wconf 87' lang='lat' dir='ltr'>remus.</span> <span class='ocrx_word' id='word_1_134' title='bbox 240 1222 315 1262; x_wconf 87' lang='lat' dir='ltr'>Sed</span> <span class='ocrx_word' id='word_1_135' title='bbox 343 1236 430 1260; x_wconf 88' lang='lat' dir='ltr'>eum</span> <span class='ocrx_word' id='word_1_136' title='bbox 458 1236 537 1260; x_wconf 91' lang='lat' dir='ltr'>non</span> <span class='ocrx_word' id='word_1_137' title='bbox 562 1231 733 1260; x_wconf 88' lang='lat' dir='ltr'>tenemus</span> <span class='ocrx_word' id='word_1_138' title='bbox 759 1223 964 1274; x_wconf 85' lang='lat' dir='ltr'>integrum.</span> <span class='ocrx_word' id='word_1_139' title='bbox 995 1226 1093 1260; x_wconf 87' lang='lat' dir='ltr'>Nam</span> 
     </span>
     <span class='ocr_line' id='line_1_20' title="bbox 69 1281 1094 1333; baseline 0 -14"><span class='ocrx_word' id='word_1_140' title='bbox 69 1282 238 1333; x_wconf 87' lang='lat' dir='ltr'>primum</span> <span class='ocrx_word' id='word_1_141' title='bbox 287 1282 515 1319; x_wconf 89' lang='lat' dir='ltr'>archontum</span> <span class='ocrx_word' id='word_1_142' title='bbox 559 1281 821 1320; x_wconf 90' lang='lat' dir='ltr'>decennalium</span> <span class='ocrx_word' id='word_1_143' title='bbox 861 1282 901 1319; x_wconf 91' lang='lat' dir='ltr'>in</span> <span class='ocrx_word' id='word_1_144' title='bbox 943 1289 1094 1319; x_wconf 84' lang='lat' dir='ltr'>aetatem</span> 
     </span>
     <span class='ocr_line' id='line_1_21' title="bbox 68 1340 1095 1392; baseline 0 -14"><span class='ocrx_word' id='word_1_145' title='bbox 68 1341 174 1378; x_wconf 89' lang='lat' dir='ltr'>nulla</span> <span class='ocrx_word' id='word_1_146' title='bbox 203 1340 337 1378; x_wconf 89' lang='lat' dir='ltr'>incidit</span> <span class='ocrx_word' id='word_1_147' title='bbox 368 1341 570 1378; x_wconf 71' lang='lat' dir='ltr'>Mai-moris</span> <span class='ocrx_word' id='word_1_148' title='bbox 600 1341 766 1392; x_wconf 88' lang='lat' dir='ltr'>epocha,</span> <span class='ocrx_word' id='word_1_149' title='bbox 795 1349 910 1392; x_wconf 91' lang='lat' dir='ltr'>atque</span> <span class='ocrx_word' id='word_1_150' title='bbox 937 1341 1095 1392; x_wconf 87' lang='lat' dir='ltr'>insuper</span> 
     </span>
     <span class='ocr_line' id='line_1_22' title="bbox 67 1399 1097 1451; baseline -0.001 -14"><span class='ocrx_word' id='word_1_151' title='bbox 67 1401 170 1438; x_wconf 87' lang='lat' dir='ltr'>inter</span> <span class='ocrx_word' id='word_1_152' title='bbox 185 1399 463 1451; x_wconf 84' lang='lat' dir='ltr'>olympiadum</span> <span class='ocrx_word' id='word_1_153' title='bbox 481 1400 634 1437; x_wconf 89' lang='lat' dir='ltr'>initium</span> <span class='ocrx_word' id='word_1_154' title='bbox 657 1407 696 1437; x_wconf 92' lang='lat' dir='ltr'>et</span> <span class='ocrx_word' id='word_1_155' title='bbox 714 1402 918 1438; x_wconf 87' lang='lat' dir='ltr'>Creontem</span> <span class='ocrx_word' id='word_1_156' title='bbox 933 1400 1097 1438; x_wconf 91' lang='lat' dir='ltr'>archon-</span> 
     </span>
     <span class='ocr_line' id='line_1_23' title="bbox 70 1459 1096 1511; baseline 0 -13"><span class='ocrx_word' id='word_1_157' title='bbox 70 1468 147 1498; x_wconf 90' lang='lat' dir='ltr'>tem</span> <span class='ocrx_word' id='word_1_158' title='bbox 169 1473 312 1498; x_wconf 83' lang='lat' dir='ltr'>annum</span> <span class='ocrx_word' id='word_1_159' title='bbox 336 1459 506 1511; x_wconf 89' lang='lat' dir='ltr'>primum</span> <span class='ocrx_word' id='word_1_160' title='bbox 525 1473 600 1497; x_wconf 86' lang='lat' dir='ltr'>una</span> <span class='ocrx_word' id='word_1_161' title='bbox 623 1468 772 1497; x_wconf 90' lang='lat' dir='ltr'>tantum</span> <span class='ocrx_word' id='word_1_162' title='bbox 794 1467 926 1497; x_wconf 90' lang='lat' dir='ltr'>notata</span> <span class='ocrx_word' id='word_1_163' title='bbox 948 1460 1096 1511; x_wconf 87' lang='lat' dir='ltr'>epocha</span> 
     </span>
     <span class='ocr_line' id='line_1_24' title="bbox 69 1519 1096 1571; baseline -0.001 -13"><span class='ocrx_word' id='word_1_164' title='bbox 69 1527 127 1558; x_wconf 87' lang='lat' dir='ltr'>est</span> <span class='ocrx_word' id='word_1_165' title='bbox 156 1520 218 1557; x_wconf 86' lang='lat'>31.</span> <span class='ocrx_word' id='word_1_166' title='bbox 249 1519 420 1569; x_wconf 87' lang='lat' dir='ltr'>AEschyli</span> <span class='ocrx_word' id='word_1_167' title='bbox 441 1519 636 1557; x_wconf 89' lang='lat' dir='ltr'>archontis</span> <span class='ocrx_word' id='word_1_168' title='bbox 659 1519 839 1570; x_wconf 89' lang='lat' dir='ltr'>perpetui</span> <span class='ocrx_word' id='word_1_169' title='bbox 866 1532 900 1557; x_wconf 87' lang='lat' dir='ltr'>a.</span> <span class='ocrx_word' id='word_1_170' title='bbox 933 1533 998 1571; x_wconf 84' lang='lat'>21,</span> <span class='ocrx_word' id='word_1_171' title='bbox 1030 1520 1096 1557; x_wconf 91' lang='lat' dir='ltr'>sed</span> 
     </span>
     <span class='ocr_line' id='line_1_25' title="bbox 69 1579 1095 1629; baseline 0.001 -11"><span class='ocrx_word' id='word_1_172' title='bbox 69 1593 253 1618; x_wconf 86' lang='lat' dir='ltr'>numerus</span> <span class='ocrx_word' id='word_1_173' title='bbox 270 1579 479 1617; x_wconf 89' lang='lat' dir='ltr'>intercidit.</span> <span class='ocrx_word' id='word_1_174' title='bbox 498 1582 629 1626; x_wconf 88' lang='lat' dir='ltr'>Quum</span> <span class='ocrx_word' id='word_1_175' title='bbox 644 1587 769 1617; x_wconf 90' lang='lat' dir='ltr'>tamen</span> <span class='ocrx_word' id='word_1_176' title='bbox 786 1579 890 1617; x_wconf 92' lang='lat' dir='ltr'>nulla</span> <span class='ocrx_word' id='word_1_177' title='bbox 905 1593 1019 1618; x_wconf 86' lang='lat' dir='ltr'>causa</span> <span class='ocrx_word' id='word_1_178' title='bbox 1033 1581 1095 1629; x_wconf 76' lang='lat' dir='ltr'>sit,</span> 
     </span>
     <span class='ocr_line' id='line_1_26' title="bbox 69 1638 1095 1689; baseline 0.002 -13"><span class='ocrx_word' id='word_1_179' title='bbox 69 1651 187 1689; x_wconf 89' lang='lat' dir='ltr'>quare</span> <span class='ocrx_word' id='word_1_180' title='bbox 205 1651 391 1676; x_wconf 87' lang='lat' dir='ltr'>canonem</span> <span class='ocrx_word' id='word_1_181' title='bbox 419 1638 552 1676; x_wconf 87' lang='lat' dir='ltr'>Nostri</span> <span class='ocrx_word' id='word_1_182' title='bbox 575 1638 648 1675; x_wconf 88' lang='lat' dir='ltr'>hac</span> <span class='ocrx_word' id='word_1_183' title='bbox 668 1645 778 1675; x_wconf 88' lang='lat' dir='ltr'>aetate</span> <span class='ocrx_word' id='word_1_184' title='bbox 804 1651 958 1676; x_wconf 87' lang='lat' dir='ltr'>censeas</span> <span class='ocrx_word' id='word_1_185' title='bbox 974 1639 1095 1678; x_wconf 88' lang='lat' dir='ltr'>distu-</span> 
     </span>
     <span class='ocr_line' id='line_1_27' title="bbox 68 1698 1094 1746; baseline 0.002 -10"><span class='ocrx_word' id='word_1_186' title='bbox 68 1698 156 1736; x_wconf 90' lang='lat' dir='ltr'>lisse</span> <span class='ocrx_word' id='word_1_187' title='bbox 186 1712 209 1736; x_wconf 92' lang='lat' dir='ltr'>a</span> <span class='ocrx_word' id='word_1_188' title='bbox 244 1712 390 1737; x_wconf 89' lang='lat' dir='ltr'>canone</span> <span class='ocrx_word' id='word_1_189' title='bbox 419 1698 575 1736; x_wconf 89' lang='lat' dir='ltr'>aliunde</span> <span class='ocrx_word' id='word_1_190' title='bbox 601 1706 716 1746; x_wconf 90' lang='lat' dir='ltr'>noto,</span> <span class='ocrx_word' id='word_1_191' title='bbox 750 1711 799 1736; x_wconf 86' lang='lat' dir='ltr'>ex</span> <span class='ocrx_word' id='word_1_192' title='bbox 831 1699 907 1736; x_wconf 91' lang='lat' dir='ltr'>hoc</span> <span class='ocrx_word' id='word_1_193' title='bbox 947 1702 1094 1738; x_wconf 85' lang='lat' dir='ltr'>consti-</span> 
     </span>
     <span class='ocr_line' id='line_1_28' title="bbox 70 1757 1093 1809; baseline 0.004 -14"><span class='ocrx_word' id='word_1_194' title='bbox 70 1757 212 1796; x_wconf 91' lang='lat' dir='ltr'>tuimus</span> <span class='ocrx_word' id='word_1_195' title='bbox 239 1771 382 1796; x_wconf 85' lang='lat' dir='ltr'>annum</span> <span class='ocrx_word' id='word_1_196' title='bbox 407 1757 567 1808; x_wconf 87' lang='lat' dir='ltr'>epochae</span> <span class='ocrx_word' id='word_1_197' title='bbox 595 1757 707 1807; x_wconf 85' lang='lat'><strong>[493]</strong></span> <span class='ocrx_word' id='word_1_198' title='bbox 732 1757 779 1795; x_wconf 94' lang='lat' dir='ltr'>ad</span> <span class='ocrx_word' id='word_1_199' title='bbox 800 1766 1027 1809; x_wconf 88' lang='lat' dir='ltr'>computum</span> <span class='ocrx_word' id='word_1_200' title='bbox 1046 1763 1093 1799; x_wconf 87' lang='lat' dir='ltr'>A.</span> 
     </span>
     <span class='ocr_line' id='line_1_29' title="bbox 71 1815 1095 1867; baseline 0.002 -12"><span class='ocrx_word' id='word_1_201' title='bbox 71 1819 268 1856; x_wconf 85' lang='lat' dir='ltr'>Canonem</span> <span class='ocrx_word' id='word_1_202' title='bbox 287 1815 440 1854; x_wconf 90' lang='lat' dir='ltr'>aliunde</span> <span class='ocrx_word' id='word_1_203' title='bbox 457 1824 593 1854; x_wconf 90' lang='lat' dir='ltr'>notum</span> <span class='ocrx_word' id='word_1_204' title='bbox 611 1815 697 1854; x_wconf 92' lang='lat' dir='ltr'>dico</span> <span class='ocrx_word' id='word_1_205' title='bbox 716 1816 978 1855; x_wconf 86' lang='lat' dir='ltr'>Eusebianum</span> <span class='ocrx_word' id='word_1_206' title='bbox 991 1848 1002 1867; x_wconf 88' lang='lat'>‚</span> <span class='ocrx_word' id='word_1_207' title='bbox 1019 1833 1095 1857; x_wconf 90' lang='lat' dir='ltr'>una</span> 
     </span>
     <span class='ocr_line' id='line_1_30' title="bbox 70 1875 1094 1925; baseline 0.001 -10"><span class='ocrx_word' id='word_1_208' title='bbox 70 1877 307 1915; x_wconf 89' lang='lat' dir='ltr'>correctione</span> <span class='ocrx_word' id='word_1_209' title='bbox 326 1889 375 1914; x_wconf 84' lang='lat' dir='ltr'>ex</span> <span class='ocrx_word' id='word_1_210' title='bbox 395 1883 523 1914; x_wconf 88' lang='lat' dir='ltr'>mente</span> <span class='ocrx_word' id='word_1_211' title='bbox 544 1875 722 1925; x_wconf 81' lang='lat' dir='ltr'>Dionysii</span> <span class='ocrx_word' id='word_1_212' title='bbox 748 1876 1094 1917; x_wconf 84' lang='lat' dir='ltr'>Halicarnassensis</span> 
     </span>
     <span class='ocr_line' id='line_1_31' title="bbox 70 1934 1096 1986; baseline 0.002 -12"><span class='ocrx_word' id='word_1_213' title='bbox 70 1935 313 1974; x_wconf 85' lang='lat' dir='ltr'>emendatum</span> <span class='ocrx_word' id='word_1_214' title='bbox 331 1950 340 1973; x_wconf 72' lang='grc' dir='ltr'><strong><em>ι</em></strong></span> <span class='ocrx_word' id='word_1_215' title='bbox 358 1947 473 1986; x_wconf 90' lang='lat' dir='ltr'>quem</span> <span class='ocrx_word' id='word_1_216' title='bbox 490 1934 580 1972; x_wconf 93' lang='lat' dir='ltr'>dedi</span> <span class='ocrx_word' id='word_1_217' title='bbox 597 1934 646 1973; x_wconf 86' lang='lat' dir='ltr'>ad</span> <span class='ocrx_word' id='word_1_218' title='bbox 663 1948 727 1986; x_wconf 92' lang='lat' dir='ltr'>ep.</span> <span class='ocrx_word' id='word_1_219' title='bbox 750 1948 813 1983; x_wconf 84' lang='lat'>27,</span> <span class='ocrx_word' id='word_1_220' title='bbox 829 1949 905 1974; x_wconf 91' lang='lat' dir='ltr'>una</span> <span class='ocrx_word' id='word_1_221' title='bbox 923 1949 1011 1974; x_wconf 89' lang='lat' dir='ltr'>cum</span> <span class='ocrx_word' id='word_1_222' title='bbox 1031 1951 1096 1976; x_wconf 91' lang='lat' dir='ltr'>ca-</span> 
     </span>
     <span class='ocr_line' id='line_1_32' title="bbox 69 1993 1095 2044; baseline 0.002 -11"><span class='ocrx_word' id='word_1_223' title='bbox 69 2008 171 2033; x_wconf 90' lang='lat' dir='ltr'>none</span> <span class='ocrx_word' id='word_1_224' title='bbox 198 2002 333 2033; x_wconf 87' lang='lat' dir='ltr'>nostro</span> <span class='ocrx_word' id='word_1_225' title='bbox 363 1993 591 2032; x_wconf 88' lang='lat' dir='ltr'>archontum</span> <span class='ocrx_word' id='word_1_226' title='bbox 619 2002 898 2044; x_wconf 87' lang='lat' dir='ltr'>perpetuorum</span> <span class='ocrx_word' id='word_1_227' title='bbox 926 1995 1016 2034; x_wconf 92' lang='lat' dir='ltr'>inde</span> <span class='ocrx_word' id='word_1_228' title='bbox 1046 1997 1095 2035; x_wconf 88' lang='lat' dir='ltr'>ab</span> 
     </span>
     <span class='ocr_line' id='line_1_33' title="bbox 69 2053 1097 2105; baseline 0 -12"><span class='ocrx_word' id='word_1_229' title='bbox 69 2058 219 2093; x_wconf 76' lang='lat' dir='ltr'>Acasto.</span> <span class='ocrx_word' id='word_1_230' title='bbox 242 2053 421 2105; x_wconf 86' lang='lat' dir='ltr'>Apposui</span> <span class='ocrx_word' id='word_1_231' title='bbox 442 2053 579 2104; x_wconf 91' lang='lat' dir='ltr'>epoch.</span> <span class='ocrx_word' id='word_1_232' title='bbox 598 2054 645 2091; x_wconf 83' lang='lat'>31</span> <span class='ocrx_word' id='word_1_233' title='bbox 666 2054 781 2094; x_wconf 86' lang='lat' dir='ltr'>etiam</span> <span class='ocrx_word' id='word_1_234' title='bbox 801 2067 945 2092; x_wconf 90' lang='lat' dir='ltr'>annum</span> <span class='ocrx_word' id='word_1_235' title='bbox 961 2056 1097 2105; x_wconf 91' lang='lat' dir='ltr'>Olym-</span> 
     </span>
     <span class='ocr_line' id='line_1_34' title="bbox 70 2112 1096 2166; baseline 0.002 -15"><span class='ocrx_word' id='word_1_236' title='bbox 70 2114 199 2166; x_wconf 89' lang='lat' dir='ltr'>picum</span> <span class='ocrx_word' id='word_1_237' title='bbox 219 2126 269 2152; x_wconf 82' lang='lat' dir='ltr'>ex</span> <span class='ocrx_word' id='word_1_238' title='bbox 298 2112 436 2150; x_wconf 89' lang='lat' dir='ltr'>eodem</span> <span class='ocrx_word' id='word_1_239' title='bbox 465 2125 611 2150; x_wconf 89' lang='lat' dir='ltr'>canone</span> <span class='ocrx_word' id='word_1_240' title='bbox 646 2113 911 2151; x_wconf 90' lang='lat' dir='ltr'>constitutum.</span> <span class='ocrx_word' id='word_1_241' title='bbox 947 2115 1096 2153; x_wconf 90' lang='lat' dir='ltr'>Deinde</span> 
     </span>
     <span class='ocr_line' id='line_1_35' title="bbox 10 2171 1097 2224; baseline 0.001 -13"><span class='ocrx_word' id='word_1_242' title='bbox 10 2219 14 2223; x_wconf 29' lang='grc'><strong>,</strong></span> <span class='ocrx_word' id='word_1_243' title='bbox 69 2185 162 2211; x_wconf 83' lang='lat' dir='ltr'>vero</span> <span class='ocrx_word' id='word_1_244' title='bbox 196 2185 242 2210; x_wconf 89' lang='lat' dir='ltr'>ea</span> <span class='ocrx_word' id='word_1_245' title='bbox 278 2179 407 2222; x_wconf 74' lang='lat' dir='ltr'>aetate,</span> <span class='ocrx_word' id='word_1_246' title='bbox 447 2183 532 2221; x_wconf 82' lang='lat' dir='ltr'>quae</span> <span class='ocrx_word' id='word_1_247' title='bbox 567 2171 669 2210; x_wconf 88' lang='lat' dir='ltr'>inter</span> <span class='ocrx_word' id='word_1_248' title='bbox 695 2171 853 2223; x_wconf 87' lang='lat' dir='ltr'>Trojam</span> <span class='ocrx_word' id='word_1_249' title='bbox 881 2181 1030 2224; x_wconf 85' lang='lat' dir='ltr'>captam</span> <span class='ocrx_word' id='word_1_250' title='bbox 1059 2182 1097 2212; x_wconf 90' lang='lat' dir='ltr'>et</span> 
     </span>
     <span class='ocr_line' id='line_1_36' title="bbox 70 2230 1097 2283; baseline 0.002 -12"><span class='ocrx_word' id='word_1_251' title='bbox 70 2231 343 2283; x_wconf 85' lang='lat' dir='ltr'>olympiadum</span> <span class='ocrx_word' id='word_1_252' title='bbox 368 2230 519 2269; x_wconf 89' lang='lat' dir='ltr'>initium</span> <span class='ocrx_word' id='word_1_253' title='bbox 546 2231 749 2282; x_wconf 85' lang='lat' dir='ltr'>interjecta</span> <span class='ocrx_word' id='word_1_254' title='bbox 772 2241 847 2280; x_wconf 90' lang='lat' dir='ltr'>est,</span> <span class='ocrx_word' id='word_1_255' title='bbox 870 2247 994 2272; x_wconf 92' lang='lat' dir='ltr'>canon</span> <span class='ocrx_word' id='word_1_256' title='bbox 1016 2237 1097 2273; x_wconf 91' lang='lat' dir='ltr'>Eu—</span> 
     </span>
     <span class='ocr_line' id='line_1_37' title="bbox 72 2290 1095 2333; baseline 0.003 -3"><span class='ocrx_word' id='word_1_257' title='bbox 72 2291 250 2330; x_wconf 84' lang='lat' dir='ltr'>sebianus</span> <span class='ocrx_word' id='word_1_258' title='bbox 268 2290 473 2329; x_wconf 89' lang='lat' dir='ltr'>manifesto</span> <span class='ocrx_word' id='word_1_259' title='bbox 490 2290 607 2329; x_wconf 86' lang='lat' dir='ltr'>distat</span> <span class='ocrx_word' id='word_1_260' title='bbox 623 2304 644 2328; x_wconf 88' lang='lat' dir='ltr'>a</span> <span class='ocrx_word' id='word_1_261' title='bbox 662 2291 793 2330; x_wconf 87' lang='lat' dir='ltr'>Nostri</span> <span class='ocrx_word' id='word_1_262' title='bbox 812 2305 960 2331; x_wconf 90' lang='lat' dir='ltr'>canone</span> <span class='ocrx_word' id='word_1_263' title='bbox 977 2308 985 2331; x_wconf 90' lang='lat'><strong>:</strong></span> <span class='ocrx_word' id='word_1_264' title='bbox 1007 2307 1095 2333; x_wconf 88' lang='lat' dir='ltr'>nam</span> 
     </span>
     <span class='ocr_line' id='line_1_38' title="bbox 69 2351 1093 2404; baseline 0.003 -14"><span class='ocrx_word' id='word_1_265' title='bbox 69 2351 282 2390; x_wconf 88' lang='lat' dir='ltr'>Menesthei</span> <span class='ocrx_word' id='word_1_266' title='bbox 301 2363 423 2390; x_wconf 86' lang='lat' dir='ltr'>annus</span> <span class='ocrx_word' id='word_1_267' title='bbox 453 2364 502 2389; x_wconf 82' lang='lat'>22</span> <span class='ocrx_word' id='word_1_268' title='bbox 529 2353 673 2390; x_wconf 91' lang='lat' dir='ltr'>Nostro</span> <span class='ocrx_word' id='word_1_269' title='bbox 702 2359 759 2390; x_wconf 86' lang='lat' dir='ltr'>est</span> <span class='ocrx_word' id='word_1_270' title='bbox 788 2365 972 2392; x_wconf 82' lang='lat' dir='ltr'>numerus</span> <span class='ocrx_word' id='word_1_271' title='bbox 999 2355 1093 2404; x_wconf 81' lang='grc'><strong>945,</strong></span> 
     </span>
    </p>
   </div>
   <div class='ocr_carea' id='block_1_3' title="bbox 2096 150 2172 185">
    <p class='ocr_par' dir='ltr' id='par_1_3' title="bbox 2096 150 2172 185">
     <span class='ocr_line' id='line_1_39' title="bbox 2096 150 2172 185; baseline 0.013 -1"><span class='ocrx_word' id='word_1_272' title='bbox 2096 150 2172 185; x_wconf 69' lang='grc'>5414</span> 
     </span>
    </p>
   </div>
   <div class='ocr_carea' id='block_1_4' title="bbox 1152 220 2240 2405">
    <p class='ocr_par' dir='ltr' id='par_1_4' title="bbox 1152 220 2240 2405">
     <span class='ocr_line' id='line_1_40' title="bbox 1155 220 2173 276; baseline 0.01 -19"><span class='ocrx_word' id='word_1_273' title='bbox 1155 220 1221 269; x_wconf 87' lang='lat' dir='ltr'>qui</span> <span class='ocrx_word' id='word_1_274' title='bbox 1245 233 1292 258; x_wconf 86' lang='lat' dir='ltr'>ex</span> <span class='ocrx_word' id='word_1_275' title='bbox 1311 230 1496 273; x_wconf 89' lang='lat' dir='ltr'>computo</span> <span class='ocrx_word' id='word_1_276' title='bbox 1514 226 1549 262; x_wconf 87' lang='lat' dir='ltr'><strong>A</strong></span> <span class='ocrx_word' id='word_1_277' title='bbox 1567 231 1624 261; x_wconf 89' lang='lat' dir='ltr'>est</span> <span class='ocrx_word' id='word_1_278' title='bbox 1642 227 1682 262; x_wconf 91' lang='lat' dir='ltr'>P.</span> <span class='ocrx_word' id='word_1_279' title='bbox 1702 226 1735 262; x_wconf 92' lang='lat' dir='ltr'>J.</span> <span class='ocrx_word' id='word_1_280' title='bbox 1760 223 1881 274; x_wconf 84' lang='lat'>3505,</span> <span class='ocrx_word' id='word_1_281' title='bbox 1911 239 2031 276; x_wconf 87' lang='lat' dir='ltr'>quum</span> <span class='ocrx_word' id='word_1_282' title='bbox 2049 231 2173 267; x_wconf 82' lang='lat' dir='ltr'>Euse-</span> 
     </span>
     <span class='ocr_line' id='line_1_41' title="bbox 1153 277 2173 337; baseline 0.009 -22"><span class='ocrx_word' id='word_1_283' title='bbox 1153 277 1221 315; x_wconf 90' lang='lat' dir='ltr'>bio</span> <span class='ocrx_word' id='word_1_284' title='bbox 1240 279 1304 316; x_wconf 90' lang='lat' dir='ltr'>ille</span> <span class='ocrx_word' id='word_1_285' title='bbox 1330 293 1450 318; x_wconf 86' lang='lat' dir='ltr'>annus</span> <span class='ocrx_word' id='word_1_286' title='bbox 1478 281 1525 318; x_wconf 91' lang='lat' dir='ltr'>sit</span> <span class='ocrx_word' id='word_1_287' title='bbox 1555 284 1596 319; x_wconf 94' lang='lat' dir='ltr'>P.</span> <span class='ocrx_word' id='word_1_288' title='bbox 1624 286 1659 320; x_wconf 88' lang='lat' dir='ltr'>J.</span> <span class='ocrx_word' id='word_1_289' title='bbox 1688 283 1807 320; x_wconf 82' lang='lat'><strong>3531.</strong></span> <span class='ocrx_word' id='word_1_290' title='bbox 1834 286 1968 334; x_wconf 89' lang='lat' dir='ltr'>Itaque</span> <span class='ocrx_word' id='word_1_291' title='bbox 1986 285 2082 324; x_wconf 90' lang='lat' dir='ltr'>alius</span> <span class='ocrx_word' id='word_1_292' title='bbox 2101 299 2173 337; x_wconf 87' lang='lat' dir='ltr'>pro</span> 
     </span>
     <span class='ocr_line' id='line_1_42' title="bbox 1154 339 2175 393; baseline 0.009 -19"><span class='ocrx_word' id='word_1_293' title='bbox 1154 339 1285 375; x_wconf 87' lang='lat' dir='ltr'>Nostri</span> <span class='ocrx_word' id='word_1_294' title='bbox 1309 340 1455 377; x_wconf 88' lang='lat' dir='ltr'>calculo</span> <span class='ocrx_word' id='word_1_295' title='bbox 1476 340 1589 390; x_wconf 89' lang='lat' dir='ltr'>hujus</span> <span class='ocrx_word' id='word_1_296' title='bbox 1610 342 1731 379; x_wconf 85' lang='lat' dir='ltr'>aetatis</span> <span class='ocrx_word' id='word_1_297' title='bbox 1754 343 2042 393; x_wconf 86' lang='lat' dir='ltr'>magistratuum</span> <span class='ocrx_word' id='word_1_298' title='bbox 2069 346 2175 383; x_wconf 84' lang='lat' dir='ltr'>Atti-</span> 
     </span>
     <span class='ocr_line' id='line_1_43' title="bbox 1154 400 2175 453; baseline 0.008 -19"><span class='ocrx_word' id='word_1_299' title='bbox 1154 410 1288 434; x_wconf 90' lang='lat' dir='ltr'>corum</span> <span class='ocrx_word' id='word_1_300' title='bbox 1316 412 1439 436; x_wconf 90' lang='lat' dir='ltr'>canon</span> <span class='ocrx_word' id='word_1_301' title='bbox 1474 400 1732 438; x_wconf 85' lang='lat' dir='ltr'>conficiendus</span> <span class='ocrx_word' id='word_1_302' title='bbox 1763 402 1852 448; x_wconf 86' lang='lat' dir='ltr'>fuit,</span> <span class='ocrx_word' id='word_1_303' title='bbox 1881 415 1994 453; x_wconf 90' lang='lat' dir='ltr'>quem</span> <span class='ocrx_word' id='word_1_304' title='bbox 2017 403 2057 441; x_wconf 91' lang='lat' dir='ltr'>in</span> <span class='ocrx_word' id='word_1_305' title='bbox 2079 403 2175 442; x_wconf 86' lang='lat' dir='ltr'>duas</span> 
     </span>
     <span class='ocr_line' id='line_1_44' title="bbox 1154 456 2175 512; baseline 0.009 -21"><span class='ocrx_word' id='word_1_306' title='bbox 1154 464 1281 505; x_wconf 84' lang='lat' dir='ltr'>partes</span> <span class='ocrx_word' id='word_1_307' title='bbox 1311 456 1473 495; x_wconf 88' lang='lat' dir='ltr'>divisum</span> <span class='ocrx_word' id='word_1_308' title='bbox 1503 458 1591 496; x_wconf 86' lang='lat' dir='ltr'>dedi</span> <span class='ocrx_word' id='word_1_309' title='bbox 1614 459 1662 496; x_wconf 90' lang='lat' dir='ltr'>ad</span> <span class='ocrx_word' id='word_1_310' title='bbox 1685 473 1745 510; x_wconf 90' lang='lat' dir='ltr'>ep.</span> <span class='ocrx_word' id='word_1_311' title='bbox 1768 472 1830 508; x_wconf 90' lang='grc'><strong>27.</strong></span> <span class='ocrx_word' id='word_1_312' title='bbox 1862 463 1906 498; x_wconf 87' lang='grc'>111</span> <span class='ocrx_word' id='word_1_313' title='bbox 1930 475 2008 512; x_wconf 93' lang='lat' dir='ltr'>quo</span> <span class='ocrx_word' id='word_1_314' title='bbox 2026 462 2175 500; x_wconf 82' lang='lat' dir='ltr'>ludicro</span> 
     </span>
     <span class='ocr_line' id='line_1_45' title="bbox 1153 518 2175 567; baseline 0.007 -15"><span class='ocrx_word' id='word_1_315' title='bbox 1153 527 1270 565; x_wconf 90' lang='lat' dir='ltr'>opere</span> <span class='ocrx_word' id='word_1_316' title='bbox 1301 518 1557 555; x_wconf 89' lang='lat' dir='ltr'>construendo</span> <span class='ocrx_word' id='word_1_317' title='bbox 1589 518 1744 567; x_wconf 83' lang='lat' dir='ltr'>accidit,</span> <span class='ocrx_word' id='word_1_318' title='bbox 1776 527 1820 557; x_wconf 87' lang='lat' dir='ltr'>ut</span> <span class='ocrx_word' id='word_1_319' title='bbox 1847 528 1971 558; x_wconf 89' lang='lat' dir='ltr'>certos</span> <span class='ocrx_word' id='word_1_320' title='bbox 1995 534 2175 559; x_wconf 90' lang='lat' dir='ltr'>numeros</span> 
     </span>
     <span class='ocr_line' id='line_1_46' title="bbox 1154 574 2176 629; baseline 0.008 -20"><span class='ocrx_word' id='word_1_321' title='bbox 1154 574 1392 612; x_wconf 91' lang='lat' dir='ltr'>commodius</span> <span class='ocrx_word' id='word_1_322' title='bbox 1419 585 1518 613; x_wconf 89' lang='lat' dir='ltr'>esset</span> <span class='ocrx_word' id='word_1_323' title='bbox 1542 576 1719 615; x_wconf 89' lang='lat' dir='ltr'>distincte</span> <span class='ocrx_word' id='word_1_324' title='bbox 1750 591 1796 615; x_wconf 88' lang='lat' dir='ltr'>ex</span> <span class='ocrx_word' id='word_1_325' title='bbox 1828 586 2012 629; x_wconf 89' lang='lat' dir='ltr'>computo</span> <span class='ocrx_word' id='word_1_326' title='bbox 2034 582 2068 617; x_wconf 92' lang='lat' dir='ltr'>A</span> <span class='ocrx_word' id='word_1_327' title='bbox 2087 587 2126 617; x_wconf 91' lang='lat' dir='ltr'>et</span> <span class='ocrx_word' id='word_1_328' title='bbox 2145 582 2176 617; x_wconf 95' lang='lat' dir='ltr'>B</span> 
     </span>
     <span class='ocr_line' id='line_1_47' title="bbox 1154 634 2177 687; baseline 0.007 -19"><span class='ocrx_word' id='word_1_329' title='bbox 1154 645 1329 678; x_wconf 82' lang='lat' dir='ltr'>sumere3</span> <span class='ocrx_word' id='word_1_330' title='bbox 1358 634 1504 685; x_wconf 89' lang='lat' dir='ltr'>quippe</span> <span class='ocrx_word' id='word_1_331' title='bbox 1523 648 1583 686; x_wconf 90' lang='lat' dir='ltr'>ep.</span> <span class='ocrx_word' id='word_1_332' title='bbox 1621 648 1683 683; x_wconf 85' lang='lat'>27,</span> <span class='ocrx_word' id='word_1_333' title='bbox 1712 649 1760 673; x_wconf 87' lang='lat' dir='ltr'>ex</span> <span class='ocrx_word' id='word_1_334' title='bbox 1781 645 1967 687; x_wconf 91' lang='lat' dir='ltr'>computo</span> <span class='ocrx_word' id='word_1_335' title='bbox 1990 640 2024 675; x_wconf 91' lang='lat' dir='ltr'>A</span> <span class='ocrx_word' id='word_1_336' title='bbox 2051 646 2177 675; x_wconf 88' lang='lat' dir='ltr'>sumta</span> 
     </span>
     <span class='ocr_line' id='line_1_48' title="bbox 1154 692 2174 746; baseline 0.006 -19"><span class='ocrx_word' id='word_1_337' title='bbox 1154 699 1232 739; x_wconf 88' lang='lat' dir='ltr'>est,</span> <span class='ocrx_word' id='word_1_338' title='bbox 1247 699 1285 728; x_wconf 85' lang='lat' dir='ltr'>et</span> <span class='ocrx_word' id='word_1_339' title='bbox 1299 705 1360 742; x_wconf 91' lang='lat' dir='ltr'>ep.</span> <span class='ocrx_word' id='word_1_340' title='bbox 1380 699 1426 737; x_wconf 85' lang='grc'>24</span> <span class='ocrx_word' id='word_1_341' title='bbox 1445 692 1492 730; x_wconf 88' lang='lat' dir='ltr'>ad</span> <span class='ocrx_word' id='word_1_342' title='bbox 1506 693 1609 730; x_wconf 90' lang='lat' dir='ltr'>illam</span> <span class='ocrx_word' id='word_1_343' title='bbox 1626 703 1846 745; x_wconf 87' lang='lat' dir='ltr'>comparata</span> <span class='ocrx_word' id='word_1_344' title='bbox 1865 709 1912 732; x_wconf 81' lang='lat' dir='ltr'>ex</span> <span class='ocrx_word' id='word_1_345' title='bbox 1928 698 2174 746; x_wconf 83' lang='lat' dir='ltr'>computoB3</span> 
     </span>
     <span class='ocr_line' id='line_1_49' title="bbox 1154 752 2175 806; baseline 0.005 -18"><span class='ocrx_word' id='word_1_346' title='bbox 1154 752 1384 802; x_wconf 85' lang='lat' dir='ltr'>singularem</span> <span class='ocrx_word' id='word_1_347' title='bbox 1404 752 1454 789; x_wconf 90' lang='lat' dir='ltr'>ob</span> <span class='ocrx_word' id='word_1_348' title='bbox 1473 766 1623 791; x_wconf 88' lang='lat' dir='ltr'>causam</span> <span class='ocrx_word' id='word_1_349' title='bbox 1642 754 1755 792; x_wconf 91' lang='lat' dir='ltr'>etiam</span> <span class='ocrx_word' id='word_1_350' title='bbox 1773 767 1835 805; x_wconf 90' lang='lat' dir='ltr'>ep.</span> <span class='ocrx_word' id='word_1_351' title='bbox 1855 767 1904 804; x_wconf 89' lang='grc'><strong>29</strong></span> <span class='ocrx_word' id='word_1_352' title='bbox 1924 768 1972 792; x_wconf 88' lang='lat' dir='ltr'>ex</span> <span class='ocrx_word' id='word_1_353' title='bbox 1991 763 2175 806; x_wconf 90' lang='lat' dir='ltr'>computo</span> 
     </span>
     <span class='ocr_line' id='line_1_50' title="bbox 1153 811 2173 865; baseline 0.003 -17"><span class='ocrx_word' id='word_1_354' title='bbox 1153 813 1181 847; x_wconf 93' lang='grc' dir='ltr'>Β</span> <span class='ocrx_word' id='word_1_355' title='bbox 1210 811 1344 858; x_wconf 87' lang='lat' dir='ltr'>sumsi,</span> <span class='ocrx_word' id='word_1_356' title='bbox 1371 811 1418 848; x_wconf 92' lang='lat' dir='ltr'>de</span> <span class='ocrx_word' id='word_1_357' title='bbox 1446 825 1523 861; x_wconf 88' lang='lat' dir='ltr'>quo</span> <span class='ocrx_word' id='word_1_358' title='bbox 1550 825 1588 850; x_wconf 91' lang='lat' dir='ltr'>v.</span> <span class='ocrx_word' id='word_1_359' title='bbox 1619 815 1762 851; x_wconf 90' lang='lat' dir='ltr'>Canon.</span> <span class='ocrx_word' id='word_1_360' title='bbox 1785 817 1885 851; x_wconf 90' lang='lat' dir='ltr'>Ante</span> <span class='ocrx_word' id='word_1_361' title='bbox 1912 814 2098 865; x_wconf 87' lang='lat' dir='ltr'>epocham</span> <span class='ocrx_word' id='word_1_362' title='bbox 2125 827 2173 861; x_wconf 89' lang='grc'><strong>27</strong></span> 
     </span>
     <span class='ocr_line' id='line_1_51' title="bbox 1152 867 2176 922; baseline 0.004 -16"><span class='ocrx_word' id='word_1_363' title='bbox 1152 877 1280 907; x_wconf 87' lang='lat' dir='ltr'>autem</span> <span class='ocrx_word' id='word_1_364' title='bbox 1300 870 1458 920; x_wconf 87' lang='lat' dir='ltr'>epochae</span> <span class='ocrx_word' id='word_1_365' title='bbox 1482 870 1530 907; x_wconf 86' lang='grc'><strong>25</strong></span> <span class='ocrx_word' id='word_1_366' title='bbox 1543 899 1553 918; x_wconf 86' lang='grc'><em>,</em></span> <span class='ocrx_word' id='word_1_367' title='bbox 1578 871 1626 907; x_wconf 87' lang='grc'>26</span> <span class='ocrx_word' id='word_1_368' title='bbox 1644 884 1692 908; x_wconf 84' lang='lat' dir='ltr'>ex</span> <span class='ocrx_word' id='word_1_369' title='bbox 1711 880 1894 922; x_wconf 91' lang='lat' dir='ltr'>computo</span> <span class='ocrx_word' id='word_1_370' title='bbox 1914 867 2176 919; x_wconf 49' lang='lat' dir='ltr'>B&#39;sumendae‚</span> 
     </span>
     <span class='ocr_line' id='line_1_52' title="bbox 1152 929 2176 981; baseline 0.002 -14"><span class='ocrx_word' id='word_1_371' title='bbox 1152 929 1184 967; x_wconf 91' lang='lat' dir='ltr'>si</span> <span class='ocrx_word' id='word_1_372' title='bbox 1213 929 1360 979; x_wconf 85' lang='lat' dir='ltr'>epocha</span> <span class='ocrx_word' id='word_1_373' title='bbox 1380 942 1428 976; x_wconf 88' lang='grc'><strong>27</strong></span> <span class='ocrx_word' id='word_1_374' title='bbox 1449 942 1498 966; x_wconf 85' lang='lat' dir='ltr'>ex</span> <span class='ocrx_word' id='word_1_375' title='bbox 1519 937 1703 979; x_wconf 90' lang='lat' dir='ltr'>computo</span> <span class='ocrx_word' id='word_1_376' title='bbox 1719 933 1754 967; x_wconf 89' lang='lat' dir='ltr'>A</span> <span class='ocrx_word' id='word_1_377' title='bbox 1770 931 1947 977; x_wconf 88' lang='lat' dir='ltr'>sumitur,</span> <span class='ocrx_word' id='word_1_378' title='bbox 1962 931 2064 981; x_wconf 90' lang='lat' dir='ltr'>quod</span> <span class='ocrx_word' id='word_1_379' title='bbox 2085 932 2176 969; x_wconf 84' lang='lat' dir='ltr'>alias</span> 
     </span>
     <span class='ocr_line' id='line_1_53' title="bbox 1153 986 2178 1039; baseline 0.001 -14"><span class='ocrx_word' id='word_1_380' title='bbox 1153 1000 1277 1025; x_wconf 91' lang='lat' dir='ltr'>canon</span> <span class='ocrx_word' id='word_1_381' title='bbox 1306 986 1379 1024; x_wconf 90' lang='lat' dir='ltr'>sibi</span> <span class='ocrx_word' id='word_1_382' title='bbox 1405 1000 1484 1025; x_wconf 91' lang='lat' dir='ltr'>non</span> <span class='ocrx_word' id='word_1_383' title='bbox 1511 995 1681 1035; x_wconf 83' lang='lat' dir='ltr'>constat3</span> <span class='ocrx_word' id='word_1_384' title='bbox 1700 988 1879 1039; x_wconf 91' lang='lat' dir='ltr'>idemque</span> <span class='ocrx_word' id='word_1_385' title='bbox 1902 989 2108 1027; x_wconf 90' lang='lat' dir='ltr'>dicendum</span> <span class='ocrx_word' id='word_1_386' title='bbox 2129 990 2178 1027; x_wconf 89' lang='lat' dir='ltr'>de</span> 
     </span>
     <span class='ocr_line' id='line_1_54' title="bbox 1152 1046 2177 1099; baseline 0.003 -16"><span class='ocrx_word' id='word_1_387' title='bbox 1152 1046 1310 1097; x_wconf 90' lang='lat' dir='ltr'>reliquis</span> <span class='ocrx_word' id='word_1_388' title='bbox 1330 1055 1418 1084; x_wconf 84' lang='lat' dir='ltr'>ante</span> <span class='ocrx_word' id='word_1_389' title='bbox 1438 1060 1499 1096; x_wconf 89' lang='lat' dir='ltr'>ep.</span> <span class='ocrx_word' id='word_1_390' title='bbox 1524 1052 1572 1090; x_wconf 90' lang='grc'>24</span> <span class='ocrx_word' id='word_1_391' title='bbox 1585 1074 1595 1092; x_wconf 92' lang='grc'><em>,</em></span> <span class='ocrx_word' id='word_1_392' title='bbox 1618 1059 1703 1096; x_wconf 85' lang='lat' dir='ltr'>quae</span> <span class='ocrx_word' id='word_1_393' title='bbox 1726 1055 1784 1085; x_wconf 90' lang='lat' dir='ltr'>est</span> <span class='ocrx_word' id='word_1_394' title='bbox 1801 1047 1923 1097; x_wconf 81' lang='lat' dir='ltr'>Trojae</span> <span class='ocrx_word' id='word_1_395' title='bbox 1942 1058 2062 1099; x_wconf 79' lang='lat' dir='ltr'>captae</span> <span class='ocrx_word' id='word_1_396' title='bbox 2077 1078 2088 1096; x_wconf 87' lang='lat'>‚</span> <span class='ocrx_word' id='word_1_397' title='bbox 2108 1062 2177 1086; x_wconf 82' lang='lat' dir='ltr'>us·</span> 
     </span>
     <span class='ocr_line' id='line_1_55' title="bbox 1152 1105 2178 1156; baseline 0.001 -13"><span class='ocrx_word' id='word_1_398' title='bbox 1152 1118 1228 1156; x_wconf 90' lang='lat' dir='ltr'>que</span> <span class='ocrx_word' id='word_1_399' title='bbox 1266 1105 1314 1143; x_wconf 92' lang='lat' dir='ltr'>ad</span> <span class='ocrx_word' id='word_1_400' title='bbox 1342 1106 1496 1143; x_wconf 90' lang='lat' dir='ltr'>initium</span> <span class='ocrx_word' id='word_1_401' title='bbox 1528 1105 1727 1152; x_wconf 86' lang='lat' dir='ltr'>omnibus,</span> <span class='ocrx_word' id='word_1_402' title='bbox 1766 1106 1807 1143; x_wconf 91' lang='lat' dir='ltr'>in</span> <span class='ocrx_word' id='word_1_403' title='bbox 1840 1106 1980 1156; x_wconf 90' lang='lat' dir='ltr'>quibus</span> <span class='ocrx_word' id='word_1_404' title='bbox 2012 1120 2178 1144; x_wconf 87' lang='lat' dir='ltr'>canones</span> 
     </span>
     <span class='ocr_line' id='line_1_56' title="bbox 1152 1163 2178 1215; baseline 0 -13"><span class='ocrx_word' id='word_1_405' title='bbox 1152 1163 1308 1203; x_wconf 84' lang='lat' dir='ltr'>Eusebii</span> <span class='ocrx_word' id='word_1_406' title='bbox 1327 1173 1366 1202; x_wconf 91' lang='lat' dir='ltr'>et</span> <span class='ocrx_word' id='word_1_407' title='bbox 1386 1165 1520 1203; x_wconf 89' lang='lat' dir='ltr'>Nostri</span> <span class='ocrx_word' id='word_1_408' title='bbox 1547 1178 1704 1215; x_wconf 86' lang='lat' dir='ltr'>prorsus</span> <span class='ocrx_word' id='word_1_409' title='bbox 1722 1165 1964 1215; x_wconf 87' lang='lat' dir='ltr'>conspirant,</span> <span class='ocrx_word' id='word_1_410' title='bbox 1984 1166 2056 1202; x_wconf 91' lang='lat' dir='ltr'>nisi</span> <span class='ocrx_word' id='word_1_411' title='bbox 2073 1165 2178 1215; x_wconf 91' lang='lat' dir='ltr'>quod</span> 
     </span>
     <span class='ocr_line' id='line_1_57' title="bbox 1152 1223 2179 1262; baseline 0.001 -1"><span class='ocrx_word' id='word_1_412' title='bbox 1152 1225 1286 1262; x_wconf 88' lang='lat' dir='ltr'>Nostri</span> <span class='ocrx_word' id='word_1_413' title='bbox 1320 1224 1488 1262; x_wconf 87' lang='lat' dir='ltr'>auctoris</span> <span class='ocrx_word' id='word_1_414' title='bbox 1523 1224 1674 1262; x_wconf 88' lang='lat' dir='ltr'>numeri</span> <span class='ocrx_word' id='word_1_415' title='bbox 1706 1237 1794 1261; x_wconf 90' lang='lat' dir='ltr'>cum</span> <span class='ocrx_word' id='word_1_416' title='bbox 1829 1223 1993 1261; x_wconf 88' lang='lat' dir='ltr'>Periodo</span> <span class='ocrx_word' id='word_1_417' title='bbox 2029 1225 2179 1262; x_wconf 88' lang='lat' dir='ltr'>Juliana</span> 
     </span>
     <span class='ocr_line' id='line_1_58' title="bbox 1153 1282 2179 1335; baseline -0.002 -14"><span class='ocrx_word' id='word_1_418' title='bbox 1153 1284 1367 1335; x_wconf 89' lang='lat' dir='ltr'>comparati</span> <span class='ocrx_word' id='word_1_419' title='bbox 1395 1284 1623 1321; x_wconf 88' lang='lat' dir='ltr'>remotiores</span> <span class='ocrx_word' id='word_1_420' title='bbox 1650 1290 1740 1320; x_wconf 90' lang='lat' dir='ltr'>sunt</span> <span class='ocrx_word' id='word_1_421' title='bbox 1770 1282 1878 1320; x_wconf 82' lang='lat' dir='ltr'>annis</span> <span class='ocrx_word' id='word_1_422' title='bbox 1900 1283 1967 1328; x_wconf 90' lang='grc'><strong>26,</strong></span> <span class='ocrx_word' id='word_1_423' title='bbox 1999 1295 2047 1320; x_wconf 91' lang='lat' dir='ltr'>ex</span> <span class='ocrx_word' id='word_1_424' title='bbox 2069 1296 2179 1320; x_wconf 90' lang='lat' dir='ltr'>com-</span> 
     </span>
     <span class='ocr_line' id='line_1_59' title="bbox 1154 1342 2178 1395; baseline -0.001 -14"><span class='ocrx_word' id='word_1_425' title='bbox 1154 1352 1250 1395; x_wconf 91' lang='lat' dir='ltr'>puto</span> <span class='ocrx_word' id='word_1_426' title='bbox 1269 1347 1326 1390; x_wconf 88' lang='lat' dir='ltr'>A,</span> <span class='ocrx_word' id='word_1_427' title='bbox 1351 1343 1413 1381; x_wconf 90' lang='lat' dir='ltr'>vel</span> <span class='ocrx_word' id='word_1_428' title='bbox 1443 1344 1491 1380; x_wconf 85' lang='lat'>25</span> <span class='ocrx_word' id='word_1_429' title='bbox 1518 1356 1567 1380; x_wconf 87' lang='lat' dir='ltr'>ex</span> <span class='ocrx_word' id='word_1_430' title='bbox 1591 1350 1775 1393; x_wconf 89' lang='lat' dir='ltr'>computo</span> <span class='ocrx_word' id='word_1_431' title='bbox 1798 1345 1839 1379; x_wconf 93' lang='lat' dir='ltr'>B.</span> <span class='ocrx_word' id='word_1_432' title='bbox 1867 1345 2116 1392; x_wconf 83' lang='lat' dir='ltr'>Quapropter</span> <span class='ocrx_word' id='word_1_433' title='bbox 2146 1342 2178 1380; x_wconf 92' lang='lat' dir='ltr'>si</span> 
     </span>
     <span class='ocr_line' id='line_1_60' title="bbox 1153 1400 2179 1452; baseline 0 -14"><span class='ocrx_word' id='word_1_434' title='bbox 1153 1401 1249 1439; x_wconf 86' lang='lat' dir='ltr'>mihi</span> <span class='ocrx_word' id='word_1_435' title='bbox 1273 1401 1466 1439; x_wconf 86' lang='lat' dir='ltr'>confidere</span> <span class='ocrx_word' id='word_1_436' title='bbox 1489 1401 1718 1449; x_wconf 88' lang='lat' dir='ltr'>voluissem,</span> <span class='ocrx_word' id='word_1_437' title='bbox 1748 1413 1807 1452; x_wconf 89' lang='lat' dir='ltr'>ep.</span> <span class='ocrx_word' id='word_1_438' title='bbox 1834 1414 1874 1437; x_wconf 88' lang='grc'><strong>1-</strong></span> <span class='ocrx_word' id='word_1_439' title='bbox 1891 1401 1940 1437; x_wconf 89' lang='grc'><strong>26</strong></span> <span class='ocrx_word' id='word_1_440' title='bbox 1962 1400 2179 1438; x_wconf 87' lang='lat' dir='ltr'>debuissem</span> 
     </span>
     <span class='ocr_line' id='line_1_61' title="bbox 1153 1461 2179 1511; baseline -0.001 -12"><span class='ocrx_word' id='word_1_441' title='bbox 1153 1461 1283 1500; x_wconf 87' lang='lat' dir='ltr'>omnia</span> <span class='ocrx_word' id='word_1_442' title='bbox 1313 1475 1361 1499; x_wconf 88' lang='lat' dir='ltr'>ex</span> <span class='ocrx_word' id='word_1_443' title='bbox 1392 1469 1577 1511; x_wconf 89' lang='lat' dir='ltr'>computo</span> <span class='ocrx_word' id='word_1_444' title='bbox 1609 1463 1638 1498; x_wconf 93' lang='lat' dir='ltr'>B</span> <span class='ocrx_word' id='word_1_445' title='bbox 1667 1472 1832 1511; x_wconf 89' lang='lat' dir='ltr'>ponere,</span> <span class='ocrx_word' id='word_1_446' title='bbox 1865 1467 1904 1497; x_wconf 92' lang='lat' dir='ltr'>et</span> <span class='ocrx_word' id='word_1_447' title='bbox 1938 1473 2058 1498; x_wconf 87' lang='lat' dir='ltr'>annos</span> <span class='ocrx_word' id='word_1_448' title='bbox 2090 1469 2179 1498; x_wconf 87' lang='lat' dir='ltr'>ante</span> 
     </span>
     <span class='ocr_line' id='line_1_62' title="bbox 1153 1519 2180 1571; baseline -0.001 -13"><span class='ocrx_word' id='word_1_449' title='bbox 1153 1520 1416 1571; x_wconf 90' lang='lat' dir='ltr'>Olympiades,</span> <span class='ocrx_word' id='word_1_450' title='bbox 1443 1532 1539 1570; x_wconf 89' lang='lat' dir='ltr'>quos</span> <span class='ocrx_word' id='word_1_451' title='bbox 1560 1519 1601 1557; x_wconf 92' lang='lat' dir='ltr'>in</span> <span class='ocrx_word' id='word_1_452' title='bbox 1620 1519 1691 1556; x_wconf 91' lang='lat' dir='ltr'>hac</span> <span class='ocrx_word' id='word_1_453' title='bbox 1709 1526 1819 1569; x_wconf 90' lang='lat' dir='ltr'>parte</span> <span class='ocrx_word' id='word_1_454' title='bbox 1840 1532 1974 1556; x_wconf 90' lang='lat' dir='ltr'>eorum</span> <span class='ocrx_word' id='word_1_455' title='bbox 2001 1519 2086 1556; x_wconf 93' lang='lat' dir='ltr'>loco</span> <span class='ocrx_word' id='word_1_456' title='bbox 2106 1532 2180 1570; x_wconf 83' lang='lat' dir='ltr'>po-</span> 
     </span>
     <span class='ocr_line' id='line_1_63' title="bbox 1154 1577 2181 1630; baseline -0.003 -13"><span class='ocrx_word' id='word_1_457' title='bbox 1154 1580 1232 1624; x_wconf 90' lang='lat' dir='ltr'>sui,</span> <span class='ocrx_word' id='word_1_458' title='bbox 1262 1579 1328 1630; x_wconf 88' lang='lat' dir='ltr'>qui</span> <span class='ocrx_word' id='word_1_459' title='bbox 1347 1578 1507 1630; x_wconf 87' lang='lat' dir='ltr'>posthac</span> <span class='ocrx_word' id='word_1_460' title='bbox 1532 1591 1554 1615; x_wconf 92' lang='lat' dir='ltr'>a</span> <span class='ocrx_word' id='word_1_461' title='bbox 1576 1577 1699 1628; x_wconf 88' lang='lat' dir='ltr'>prima</span> <span class='ocrx_word' id='word_1_462' title='bbox 1718 1578 1949 1629; x_wconf 87' lang='lat' dir='ltr'>Olympiade</span> <span class='ocrx_word' id='word_1_463' title='bbox 1966 1577 2181 1629; x_wconf 82' lang='lat' dir='ltr'>computati</span> 
     </span>
     <span class='ocr_line' id='line_1_64' title="bbox 1153 1636 2181 1689; baseline -0.003 -13"><span class='ocrx_word' id='word_1_464' title='bbox 1153 1646 1263 1689; x_wconf 81' lang='lat' dir='ltr'>sunt,</span> <span class='ocrx_word' id='word_1_465' title='bbox 1292 1652 1341 1676; x_wconf 89' lang='lat' dir='ltr'>ex</span> <span class='ocrx_word' id='word_1_466' title='bbox 1375 1638 1457 1676; x_wconf 95' lang='lat' dir='ltr'>solo</span> <span class='ocrx_word' id='word_1_467' title='bbox 1489 1640 1731 1687; x_wconf 91' lang='lat' dir='ltr'>computo·B</span> <span class='ocrx_word' id='word_1_468' title='bbox 1762 1637 1931 1675; x_wconf 88' lang='lat' dir='ltr'>definire.</span> <span class='ocrx_word' id='word_1_469' title='bbox 1970 1637 2045 1676; x_wconf 90' lang='lat' dir='ltr'>Sed</span> <span class='ocrx_word' id='word_1_470' title='bbox 2074 1636 2181 1687; x_wconf 91' lang='lat' dir='ltr'>quod</span> 
     </span>
     <span class='ocr_line' id='line_1_65' title="bbox 1154 1695 2181 1747; baseline -0.004 -11"><span class='ocrx_word' id='word_1_471' title='bbox 1154 1699 1333 1737; x_wconf 88' lang='lat' dir='ltr'>universa</span> <span class='ocrx_word' id='word_1_472' title='bbox 1349 1712 1408 1737; x_wconf 83' lang='lat' dir='ltr'>res</span> <span class='ocrx_word' id='word_1_473' title='bbox 1428 1711 1475 1735; x_wconf 86' lang='lat' dir='ltr'>ex</span> <span class='ocrx_word' id='word_1_474' title='bbox 1490 1703 1625 1733; x_wconf 88' lang='lat' dir='ltr'>nostro</span> <span class='ocrx_word' id='word_1_475' title='bbox 1646 1695 1694 1733; x_wconf 89' lang='lat' dir='ltr'>de</span> <span class='ocrx_word' id='word_1_476' title='bbox 1712 1710 1772 1747; x_wconf 90' lang='lat' dir='ltr'>ep.</span> <span class='ocrx_word' id='word_1_477' title='bbox 1794 1710 1841 1744; x_wconf 88' lang='grc'><strong>27</strong></span> <span class='ocrx_word' id='word_1_478' title='bbox 1858 1695 2007 1747; x_wconf 88' lang='lat' dir='ltr'>judicio</span> <span class='ocrx_word' id='word_1_479' title='bbox 2027 1695 2181 1746; x_wconf 87' lang='lat' dir='ltr'>pendet,</span> 
     </span>
     <span class='ocr_line' id='line_1_66' title="bbox 1154 1755 2183 1810; baseline -0.004 -14"><span class='ocrx_word' id='word_1_480' title='bbox 1154 1767 1198 1796; x_wconf 92' lang='lat' dir='ltr'>ut</span> <span class='ocrx_word' id='word_1_481' title='bbox 1210 1759 1250 1796; x_wconf 90' lang='lat' dir='ltr'>in</span> <span class='ocrx_word' id='word_1_482' title='bbox 1269 1758 1393 1810; x_wconf 88' lang='lat' dir='ltr'>prima</span> <span class='ocrx_word' id='word_1_483' title='bbox 1410 1755 1578 1795; x_wconf 87' lang='lat' dir='ltr'>Canonis</span> <span class='ocrx_word' id='word_1_484' title='bbox 1593 1755 1772 1793; x_wconf 87' lang='lat' dir='ltr'>columna</span> <span class='ocrx_word' id='word_1_485' title='bbox 1788 1756 1989 1806; x_wconf 88' lang='lat' dir='ltr'>utriusque</span> <span class='ocrx_word' id='word_1_486' title='bbox 2008 1755 2183 1805; x_wconf 86' lang='lat' dir='ltr'>computi</span> 
     </span>
     <span class='ocr_line' id='line_1_67' title="bbox 1154 1815 2183 1864; baseline -0.004 -8"><span class='ocrx_word' id='word_1_487' title='bbox 1154 1831 1336 1856; x_wconf 90' lang='lat' dir='ltr'>numeros</span> <span class='ocrx_word' id='word_1_488' title='bbox 1354 1817 1497 1862; x_wconf 89' lang='lat' dir='ltr'>habes,</span> <span class='ocrx_word' id='word_1_489' title='bbox 1524 1815 1577 1852; x_wconf 88' lang='lat' dir='ltr'>ita</span> <span class='ocrx_word' id='word_1_490' title='bbox 1606 1815 1721 1853; x_wconf 91' lang='lat' dir='ltr'>etiam</span> <span class='ocrx_word' id='word_1_491' title='bbox 1747 1816 1786 1852; x_wconf 94' lang='lat' dir='ltr'>in</span> <span class='ocrx_word' id='word_1_492' title='bbox 1814 1816 1928 1853; x_wconf 89' lang='lat' dir='ltr'>tertia</span> <span class='ocrx_word' id='word_1_493' title='bbox 1950 1829 1996 1852; x_wconf 87' lang='lat' dir='ltr'>ex</span> <span class='ocrx_word' id='word_1_494' title='bbox 2015 1823 2183 1864; x_wconf 91' lang='lat' dir='ltr'>utroque</span> 
     </span>
     <span class='ocr_line' id='line_1_68' title="bbox 1154 1874 2184 1929; baseline -0.006 -13"><span class='ocrx_word' id='word_1_495' title='bbox 1154 1886 1339 1929; x_wconf 91' lang='lat' dir='ltr'>computo</span> <span class='ocrx_word' id='word_1_496' title='bbox 1359 1889 1479 1914; x_wconf 86' lang='lat' dir='ltr'>annos</span> <span class='ocrx_word' id='word_1_497' title='bbox 1516 1882 1603 1912; x_wconf 89' lang='lat' dir='ltr'>ante</span> <span class='ocrx_word' id='word_1_498' title='bbox 1631 1874 1787 1925; x_wconf 89' lang='lat' dir='ltr'>Olymp.</span> <span class='ocrx_word' id='word_1_499' title='bbox 1812 1888 1828 1912; x_wconf 92' lang='lat'>1</span> <span class='ocrx_word' id='word_1_500' title='bbox 1862 1874 1963 1912; x_wconf 90' lang='lat' dir='ltr'>dedi.</span> <span class='ocrx_word' id='word_1_501' title='bbox 1992 1877 2184 1913; x_wconf 85' lang='lat' dir='ltr'>Numeros</span> 
     </span>
     <span class='ocr_line' id='line_1_69' title="bbox 1154 1932 2185 1988; baseline -0.006 -13"><span class='ocrx_word' id='word_1_502' title='bbox 1154 1937 1354 1988; x_wconf 87' lang='lat' dir='ltr'>suppletos</span> <span class='ocrx_word' id='word_1_503' title='bbox 1380 1935 1439 1973; x_wconf 85' lang='lat' dir='ltr'>vel</span> <span class='ocrx_word' id='word_1_504' title='bbox 1463 1941 1656 1972; x_wconf 84' lang='lat' dir='ltr'>correctos</span> <span class='ocrx_word' id='word_1_505' title='bbox 1680 1933 1720 1970; x_wconf 91' lang='lat' dir='ltr'>in</span> <span class='ocrx_word' id='word_1_506' title='bbox 1743 1933 1815 1970; x_wconf 90' lang='lat' dir='ltr'>hac</span> <span class='ocrx_word' id='word_1_507' title='bbox 1833 1941 1943 1984; x_wconf 85' lang='lat' dir='ltr'>parte</span> <span class='ocrx_word' id='word_1_508' title='bbox 1962 1932 2126 1971; x_wconf 90' lang='lat' dir='ltr'>Canonis</span> <span class='ocrx_word' id='word_1_509' title='bbox 2145 1940 2185 1969; x_wconf 90' lang='lat' dir='ltr'>et</span> 
     </span>
     <span class='ocr_line' id='line_1_70' title="bbox 1153 1990 2185 2047; baseline -0.007 -13"><span class='ocrx_word' id='word_1_510' title='bbox 1153 2010 1176 2034; x_wconf 92' lang='lat' dir='ltr'>a</span> <span class='ocrx_word' id='word_1_511' title='bbox 1200 2003 1384 2047; x_wconf 89' lang='lat' dir='ltr'>computo</span> <span class='ocrx_word' id='word_1_512' title='bbox 1415 1998 1451 2032; x_wconf 92' lang='lat' dir='ltr'>A</span> <span class='ocrx_word' id='word_1_513' title='bbox 1480 2001 1519 2031; x_wconf 88' lang='lat' dir='ltr'>et</span> <span class='ocrx_word' id='word_1_514' title='bbox 1545 2005 1594 2030; x_wconf 86' lang='lat' dir='ltr'>ex</span> <span class='ocrx_word' id='word_1_515' title='bbox 1621 2000 1806 2043; x_wconf 92' lang='lat' dir='ltr'>computo</span> <span class='ocrx_word' id='word_1_516' title='bbox 1836 1995 1866 2029; x_wconf 91' lang='lat' dir='ltr'>B</span> <span class='ocrx_word' id='word_1_517' title='bbox 1894 1991 2115 2041; x_wconf 85' lang='lat' dir='ltr'>designavi;</span> <span class='ocrx_word' id='word_1_518' title='bbox 2145 1990 2185 2027; x_wconf 90' lang='lat' dir='ltr'>in</span> 
     </span>
     <span class='ocr_line' id='line_1_71' title="bbox 1155 2046 2240 2107; baseline -0.009 -13"><span class='ocrx_word' id='word_1_519' title='bbox 1155 2065 1262 2094; x_wconf 88' lang='lat' dir='ltr'>textu</span> <span class='ocrx_word' id='word_1_520' title='bbox 1295 2067 1419 2107; x_wconf 87' lang='lat' dir='ltr'>graeco</span> <span class='ocrx_word' id='word_1_521' title='bbox 1450 2064 1632 2091; x_wconf 90' lang='lat' dir='ltr'>numeros</span> <span class='ocrx_word' id='word_1_522' title='bbox 1668 2050 1758 2088; x_wconf 90' lang='lat' dir='ltr'>dedi</span> <span class='ocrx_word' id='word_1_523' title='bbox 1794 2063 1882 2098; x_wconf 88' lang='lat' dir='ltr'>eos,</span> <span class='ocrx_word' id='word_1_524' title='bbox 1928 2050 1996 2100; x_wconf 88' lang='lat' dir='ltr'>qui</span> <span class='ocrx_word' id='word_1_525' title='bbox 2029 2047 2186 2099; x_wconf 80' lang='lat' dir='ltr'>epochae</span> <span class='ocrx_word' id='word_1_526' title='bbox 2238 2046 2240 2048; x_wconf 71' lang='grc'>’</span> 
     </span>
     <span class='ocr_line' id='line_1_72' title="bbox 1154 2109 2186 2167; baseline -0.009 -14"><span class='ocrx_word' id='word_1_527' title='bbox 1154 2116 1289 2167; x_wconf 89' lang='lat' dir='ltr'>primae</span> <span class='ocrx_word' id='word_1_528' title='bbox 1317 2111 1562 2151; x_wconf 89' lang='lat' dir='ltr'>consentanei</span> <span class='ocrx_word' id='word_1_529' title='bbox 1590 2118 1704 2159; x_wconf 78' lang='lat' dir='ltr'>sunt,</span> <span class='ocrx_word' id='word_1_530' title='bbox 1734 2109 1813 2147; x_wconf 87' lang='lat' dir='ltr'>sive</span> <span class='ocrx_word' id='word_1_531' title='bbox 1840 2122 1889 2146; x_wconf 85' lang='lat' dir='ltr'>ex</span> <span class='ocrx_word' id='word_1_532' title='bbox 1908 2111 1941 2146; x_wconf 91' lang='lat' dir='ltr'>A</span> <span class='ocrx_word' id='word_1_533' title='bbox 1973 2109 2053 2146; x_wconf 91' lang='lat' dir='ltr'>sive</span> <span class='ocrx_word' id='word_1_534' title='bbox 2080 2120 2128 2145; x_wconf 87' lang='lat' dir='ltr'>ex</span> <span class='ocrx_word' id='word_1_535' title='bbox 2155 2109 2186 2144; x_wconf 93' lang='lat' dir='ltr'><strong>B</strong></span> 
     </span>
     <span class='ocr_line' id='line_1_73' title="bbox 1155 2168 2185 2221; baseline -0.012 -7"><span class='ocrx_word' id='word_1_536' title='bbox 1155 2182 1366 2213; x_wconf 86' lang='lat' dir='ltr'>sumetur...</span> <span class='ocrx_word' id='word_1_537' title='bbox 1403 2171 1580 2221; x_wconf 90' lang='lat' dir='ltr'>Denique</span> <span class='ocrx_word' id='word_1_538' title='bbox 1622 2181 1693 2219; x_wconf 89' lang='lat' dir='ltr'>per</span> <span class='ocrx_word' id='word_1_539' title='bbox 1729 2168 1952 2205; x_wconf 89' lang='lat' dir='ltr'>universum</span> <span class='ocrx_word' id='word_1_540' title='bbox 1990 2169 2185 2204; x_wconf 86' lang='lat' dir='ltr'>Canonem</span> 
     </span>
     <span class='ocr_line' id='line_1_74' title="bbox 1154 2223 2187 2276; baseline -0.012 -3"><span class='ocrx_word' id='word_1_541' title='bbox 1154 2247 1274 2273; x_wconf 89' lang='lat' dir='ltr'>annos</span> <span class='ocrx_word' id='word_1_542' title='bbox 1295 2230 1451 2271; x_wconf 89' lang='lat' dir='ltr'>Periodi</span> <span class='ocrx_word' id='word_1_543' title='bbox 1474 2233 1496 2268; x_wconf 91' lang='lat' dir='ltr'><strong>J</strong></span> <span class='ocrx_word' id='word_1_544' title='bbox 1501 2229 1635 2267; x_wconf 83' lang='lat' dir='ltr'>ulianae</span> <span class='ocrx_word' id='word_1_545' title='bbox 1663 2240 1729 2264; x_wconf 87' lang='lat' dir='ltr'>eos</span> <span class='ocrx_word' id='word_1_546' title='bbox 1751 2225 1862 2274; x_wconf 82' lang='lat' dir='ltr'>dedi,</span> <span class='ocrx_word' id='word_1_547' title='bbox 1889 2225 2030 2276; x_wconf 89' lang='lat' dir='ltr'>quibus</span> <span class='ocrx_word' id='word_1_548' title='bbox 2052 2223 2187 2262; x_wconf 87' lang='lat' dir='ltr'>mediis</span> 
     </span>
     <span class='ocr_line' id='line_1_75' title="bbox 1154 2283 2186 2344; baseline -0.015 -11"><span class='ocrx_word' id='word_1_549' title='bbox 1154 2294 1369 2344; x_wconf 89' lang='lat' dir='ltr'>inciperent</span> <span class='ocrx_word' id='word_1_550' title='bbox 1383 2289 1471 2327; x_wconf 83' lang='lat' dir='ltr'>anni</span> <span class='ocrx_word' id='word_1_551' title='bbox 1486 2286 1682 2338; x_wconf 88' lang='lat' dir='ltr'>Olympici</span> <span class='ocrx_word' id='word_1_552' title='bbox 1695 2285 1861 2336; x_wconf 86' lang='lat' dir='ltr'>annique</span> <span class='ocrx_word' id='word_1_553' title='bbox 1876 2292 1963 2322; x_wconf 90' lang='lat' dir='ltr'>ante</span> <span class='ocrx_word' id='word_1_554' title='bbox 1977 2283 2134 2334; x_wconf 89' lang='lat' dir='ltr'>Olymp.</span> <span class='ocrx_word' id='word_1_555' title='bbox 2153 2295 2186 2330; x_wconf 88' lang='lat'>1,</span> 
     </span>
     <span class='ocr_line' id='line_1_76' title="bbox 1155 2342 2187 2405; baseline -0.014 -13"><span class='ocrx_word' id='word_1_556' title='bbox 1155 2360 1274 2405; x_wconf 85' lang='lat' dir='ltr'>prout</span> <span class='ocrx_word' id='word_1_557' title='bbox 1295 2351 1337 2389; x_wconf 89' lang='lat' dir='ltr'>hi</span> <span class='ocrx_word' id='word_1_558' title='bbox 1355 2363 1376 2388; x_wconf 88' lang='lat' dir='ltr'>a</span> <span class='ocrx_word' id='word_1_559' title='bbox 1394 2361 1455 2387; x_wconf 89' lang='lat' dir='ltr'>me</span> <span class='ocrx_word' id='word_1_560' title='bbox 1471 2347 1512 2386; x_wconf 89' lang='lat' dir='ltr'>in</span> <span class='ocrx_word' id='word_1_561' title='bbox 1532 2346 1646 2385; x_wconf 87' lang='lat' dir='ltr'>tertia</span> <span class='ocrx_word' id='word_1_562' title='bbox 1664 2345 1841 2384; x_wconf 85' lang='lat' dir='ltr'>columna</span> <span class='ocrx_word' id='word_1_563' title='bbox 1858 2342 2044 2395; x_wconf 85' lang='lat' dir='ltr'>designati</span> <span class='ocrx_word' id='word_1_564' title='bbox 2060 2349 2187 2380; x_wconf 82' lang='lat' dir='ltr'>sunt.»</span> 
     </span>
    </p>
   </div>
   <div class='ocr_carea' id='block_1_5' title="bbox 751 2622 1516 2647">
    <p class='ocr_par' dir='ltr' id='par_1_5' title="bbox 751 2622 1516 2647">
     <span class='ocr_line' id='line_1_77' title="bbox 751 2622 1516 2647; baseline -0.01 1"><span class='ocrx_word' id='word_1_565' title='bbox 751 2622 1516 2647; x_wconf 50' lang='lat'>·-——-——-5000006—-——-</span> 
     </span>
    </p>
   </div>
  </div>
 </body>
</html>
