2320 3684
146 202 218 235 156

142 281 202 320 καὶ
223 282 304 334 βοῆς
324 280 451 318 αὐλων·
470 278 501 315 οἱ
519 275 569 325 δὲ,
590 276 758 326 ἐμμανεῖς
772 271 974 324 γενόμενοι,
993 271 1085 311 κατὰ
1105 274 1169 319 τῆς

142 339 316 386 θαλάττης
335 337 459 392 ἔφυγον
479 335 570 374 καὶ
555 332 712 385 εγὲνοντο
735 332 898 385 δελφῖνες.
921 332 938 357 3
944 329 1014 376 “sse
1037 330 1073 370 δὲ
1097 347 1170 383 μα-

143 397 258 441 θόντες
280 396 382 436 αὐτὸν
410 394 484 433 θεὸν
521 392 697 446 ἄνθρωποι
730 389 872 441 ἐτίμων·
893 393 912 429 ὃ
929 389 965 428 δὲ
985 388 1169 442 ἀναγαγὼν

143 456 179 502 ἐξ
196 456 300 495 ‘'A806
326 453 389 501 τὴν
417 450 576 505 μητέρα,
605 449 664 488 καὶ
694 447 980 503 προσαγορεύσας
1005 447 1168 498 Θυώνην,

146 514 221 566 μετ’
240 529 345 559 αυτης
366 513 411 554 εἷς
430 508 574 563 οὐρανὸν
594 509 753 554 ἀνηλθεν.

199 575 238 624 (4
215 574 254 624 4)
271 572 316 610 ‘O
334 569 370 609 δὲ
388 569 534 621 Κάδμος
551 567 640 620 μετὰ
656 566 840 621 Ἁρμονίας
858 566 983 615 Θήὸας
1004 565 1170 615 ἐκλιπὼν,

145 632 230 686 πρὸς
251 628 444 682 Ἐγχέλεας
470 626 712 682 παραγίνεται.
735 624 882 670 Τούτοις
909 624 982 664 δὲε
969 624 1036 664 υπὸ
1052 625 1171 664 Ἰλλυ-

148 693 229 744 ριῶν
244 685 521 739 πολεμουμένοις
539 690 557 725 ὃ
574 684 646 730 θεος
666 684 830 739 ἔχρησεν,
848 684 1026 740 Ἰλλυριῶν
1041 683 1172 739 κρατή-

147 765 240 797 σειν
260 746 318 786 ἐὰν
337 744 493 798 ἡγεμόνα
512 745 656 797 Κάδμον
677 744 736 782 καὶ
758 742 942 798 Ἁρμονίαν
966 742 1172 797 ἔχωσιν.οἱ

147 807 183 846 δὲ
196 805 392 848 πεισθέντες
411 807 592 843 ποιοῦνται
608 803 700 842 κατὰ
711 803 889 856 Ἰλλυριων
906 801 1079 854 ἡγεμόνας
1092 800 1174 839 τού-

147 882 247 915 τους,
263 881 323 904 και
344 867 522 918 κρατοῦσι.
545 863 617 902 Καὶ
637 860 812 916 βασιλεύει
826 861 969 913 Κάδμος
978 861 1171 914 Ιλλυριῶν,

148 926 208 965 καὶ
226 930 308 969 παῖς
327 922 496 977 Ἰλλύριος
513 923 608 976 αὐτῷ
623 922 767 974 γίνεται.
784 915 911 964 2Αυθις
935 918 971 957 δὲ
989 917 1077 970 μετὰ
1093 917 1174 972 Ἁρ-

150 984 272 1037 μονίας
298 985 345 1027 εἷς
361 982 534 1036 δράκοντα
558 979 789 1033 μεταὸαλὼν,
816 981 863 1024 εἷς
877 977 1042 1017 Ἠλύσιον
1057 976 1173 1015 πεδίον

150 1042 217 1082 ὑπὸ
231 1042 310 1086 Διὸς
326 1040 606 1095 ἐξεπέμφθησαν.

204 1103 242 1154 (5
248 1102 258 1152 )
280 1099 490 1153 Πολύδωρος
501 1097 694 1146 δὲ,Θη8ῶν
713 1094 874 1150 βασιλευς
888 1094 1088 1147 γενόμενος,
1106 1096 1177 1133 Νυ-

151 1157 280 1208 κτηίδα
296 1164 424 1211 γαμεῖ,
449 1156 615 1200 Νυκτέως
641 1171 699 1194 του
722 1155 870 1195 Χθονίου
897 1153 1088 1207 θυγατέρα,
1117 1151 1177 1190 καὶ

150 1225 254 1272 γεννᾷ
267 1217 468 1257 Λάὸδακον.
484 1210 597 1259 Οῧτος
614 1214 775 1253 ἀπώλετο
790 1213 879 1265 μετὰ
890 1213 1040 1261 Πενθέα,
1058 1210 1178 1262 ἐκείνῳ

152 1279 286 1332 φρονῶν
321 1273 565 1329 παραπλήσια.
585 1274 603 1298 ²
617 1272 881 1316 Καταλιπόντος
916 1269 952 1309 δὲ
989 1268 1179 1308 Λαὸδάκου

152 1337 297 1375 παῖδα’
282 1339 493 1374 ενιαυσιαῖον
520 1332 648 1380 Λάϊον,
665 1332 727 1378 τὴν
746 1331 859 1383 ἀρχὴν
880 1329 1038 1383 ἀφείλετο
1053 1326 1147 1366 Λύκε
1151 1343 1179 1376 ς,

153 1396 218 1439 ἕως
234 1399 331 1439 οὗτος
348 1398 391 1442 ἠν
414 1399 510 1443 παῖς,
527 1390 670 1445 ἀδελφὸς
690 1390 737 1430 ὢν
754 1389 930 1432 Νυκτέως.
946 1387 962 1413 3
979 1387 1126 1441 Ἀμφότε
1111 1402 1181 1440 :pot

154 1454 230 1492 δὲ’
211 1454 280 1493 απὸ
305 1452 453 1496 Εὐὸοίας
471 1449 654 1505 φυγόντες,
684 1449 759 1487 ἐπει
783 1447 949 1499 Φλεγύαν
974 1446 1180 1485 ἀπέκτειναν

153 1529 212 1551 τον
229 1512 345 1566 Ἄρεος
363 1510 422 1549 καὶ
443 1508 594 1551 Δωτίδος
612 1511 673 1554 τῆς
699 1503 897 1556 Βοιὸηίδος,
917 1505 1039 1560 “Υρίαν
1062 1503 1183 1558 κατώ-

154 1588 259 1620 κουν,
281 1570 363 1618 καὶ,
391 1568 447 1608 διὰ
466 1568 529 1615 τὴν
546 1583 631 1621 προς
652 1567 789 1605 Πενθέα
814 1565 1031 1614 οἰκειότητα,
1061 1563 1182 1616 ἐγεγό-

155 1645 272 1668 νεισαν
283 1627 445 1667 πολῖται
467 1625 645 1679 4Αἱρεθεὶς
664 1618 722 1663 οὖν
739 1622 852 1667 Λύκος
873 1622 1130 1676 πολέμαρχος
1117 1620 1184 1659 υπὸ

157 1688 349 1736 Θηὸκιων
385 1685 560 1725 ἐπετίθετο
587 1701 629 1737 τῃ
661 1683 867 1736 δυναστεία,
894 1683 955 1721 καὶ
975 1680 1184 1735 βασιλεύσας

158 1746 218 1794 ἕνη
239 1747 368 1794 εἴκοσι,
399 1743 547 1798 φονευθε
543 1760 571 1787 ις
592 1742 658 1781 υπὸ
679 1742 794 1789 Ζήθου
818 1741 878 1779 καὶ
894 1740 1073 1801 Ἀμφίονος
1098 1738 1182 1785 θνή-

159 1822 236 1844 σκει
257 1806 299 1843 δι’
318 1804 431 1843 αἰτίαν
450 1803 564 1850 τηνδε·
589 1801 774 1848 5Ἀντιόπη
785 1799 973 1852 θυγάτηρ
955 1815 1022 1846 ην
1008 1797 1184 1840 Ἶυκτεως

158 1865 268 1917 ταύτῃ
291 1864 376 1907 Ζευς
404 1865 552 1910 συνηλθε
554 1879 584 1901 ν.
604 1861 650 1901 H
672 1860 708 1899 δὲ
721 1863 797 1908 ,ὡς
820 1859 939 1911 ἔγκυος
960 1858 1109 1932 ἐγένετο,
1124 1860 1184 1895 τοῦ

158 1925 319 1977 πατρὸς
309 1925 549 1971 ἀπειλοῦντος,
570 1923 616 1964 εἷς
640 1922 805 1960 Σικυωνα
828 1918 1076 1972 ἀποδιδράσκει
1100 1915 1186 1969 πρὸς

161 1981 311 2021 Ἐπωπέ
296 1998 405 2021 eunom.
421 1980 533 2034 τούτῳ
551 1985 732 2032 γαμεῖται.
751 1976 904 2017 6Νυκίτε
878 1993 929 2020 ευς
949 1977 985 2014 δὲ
1006 1975 1188 2027 ἀθυμήσας

161 2044 244 2079 ἑαυτ
248 2040 283 2078 ὸν
310 2056 389 2094 <pov-
376 2039 462 2088 ύει,
489 2021 566 2082 δόὺς
593 2035 735 2084 εντολὴν
758 2035 864 2089 Λύκῳ
880 2034 977 2087 παρὰ
990 2033 1188 2077 Ἐπωπέως

161 2116 220 2138 και
239 2099 336 2152 παρὰ
360 2097 542 2145 Ἀντιόπης
556 2096 675 2135 λαὸεῖν
693 2095 801 2139 δίκας.
821 2095 837 2121 7
850 2095 891 2134 Ὁ
918 2093 954 2132 δὲ
974 2091 1189 2147 στρατευσά-

163 2177 265 2212 μενος
275 2162 437 2199 Σικυῶνα
451 2173 648 2212 χειρουται·
670 2173 729 2194 και
750 2155 808 2194 τὸν
827 2154 890 2206 μὲν
912 2153 1083 2192 Ἐπωπέα
1096 2152 1188 2191 κτεί-

162 2236 231 2269 νει,
256 2218 364 2266 τὴνδ
367 2218 382 2256 ὲ
415 2217 598 2265 Ἀντιόπην
633 2215 762 2268 ἤγαγεν
794 2213 1033 2266 αἰχμάλωτον.
1057 2212 1087 2238 8‘
1089 2214 1122 2251 Η
1152 2211 1189 2250 δὲ

164 2278 318 2331 ἀγομένη
344 2277 403 2317 δύο
425 2283 528 2330 γεννᾷ
544 2276 706 2319 παῖδας’
692 2291 726 2312 εν
749 2274 970 2327 Ἐλευθεραῖς
995 2275 1057 2318 τῆς
1073 2274 1189 2310 Βοιω-

164 2339 251 2386 τίας,
280 2337 337 2381 οὒς
353 2335 572 2387 ἐκκειμένους
600 2333 708 2387 ευρὼν
728 2332 891 2385 βουκόλος
911 2330 1107 2384 ἀνατρέφει,
1130 2345 1189 2368 και

732 186 1114 227 ΑΠΟΛΛΟΔΩΡΟΥ
1148 184 1494 227 ΒῙΒΛΙΟΘΗΚΗΣ
1522 188 1566 240 Γ,
1594 186 1633 226 ε’.

1227 285 1372 326 replevit.
1385 288 1508 319 Verum
1524 286 1632 318 nautae
1643 286 1750 318 surore
1766 284 1830 317 acti
1851 284 1886 317 in
1902 293 1990 317 mare
2004 284 2184 327 praecipites
2197 284 2248 318 de-

1228 343 1376 376 silierunt
1390 346 1423 377 et
1438 345 1471 377 in
1490 344 1658 387 delphinos
1672 344 1880 376 transmutati
1892 346 1981 376 sunt.
1990 348 2005 367 ³
2017 345 2130 385 Itaque
2146 352 2248 385 quum

1229 404 1434 437 divinitatem
1463 406 1531 446 ejus
1552 405 1780 446 cognovissent
1801 403 1959 443 homines,
1986 403 2107 436 divinis
2123 403 2248 436 honori-

1227 461 1290 494 bus
1312 471 1387 495 eum
1396 464 1555 496 colebant.
1573 464 1635 496 Hic
1652 464 1768 496 deinde
1782 472 1857 495 cum
1872 463 1986 502 matre,
2006 471 2102 503 quam
2119 461 2160 494 ab
2173 461 2251 495 inse·

1229 520 1272 552 ris
1291 521 1457 554 reductam
1472 523 1651 555 nominavit
1670 523 1826 563 Thyonen
1838 545 1847 562 ,
1869 521 1903 553 in
1917 521 2036 552 coelum
2052 520 2250 553 conscendit.

1272 578 1316 620 (4)
1353 581 1480 613 Interea
1502 581 1646 614 Cadmus
1662 590 1737 613 cum
1759 579 1952 619 Harmonia,
1973 578 2094 611 relictis
2115 577 2252 618 Thebis,

1229 637 1320 670 venit
1344 638 1383 670 ad
1411 639 1640 673 Enchelenses.
1665 639 1791 677 Quibus
1805 663 1814 679 ‚
1839 646 1942 679 quum
1962 637 2003 670 ab
2026 637 2144 678 Illyriis
2168 637 2253 670 bello

1231 698 1441 736 vexarentur,
1459 706 1478 729 a
1494 697 1555 730 deo
1570 693 1760 738 responsum
1783 696 1845 728 suit
1867 705 1901 728 se
1918 695 2101 736 Illyriorum
2120 696 2189 728 sore
2206 695 2253 727 vi·

1230 755 1348 794 ctores,
1363 755 1391 786 si
1404 755 1503 788 duces
1520 756 1674 788 haberent
1689 755 1849 788 Cadmum
1867 756 1900 787 et
1912 754 2134 786 Harmoniam.
2152 753 2255 795 Igitur

1231 814 1354 846 oraculi
1366 814 1461 847 fidem
1475 815 1577 848 secuti
1595 824 1651 847 eos
1665 814 1820 846 adversus
1836 812 1963 854 Illyrios
1975 812 2076 844 duces
2090 812 2213 854 eligunt
2223 814 2256 844 et

1233 874 1413 915 superiores
1435 876 1550 917 proelio
1574 874 1757 908 discedunt.
1774 873 1826 905 Sic
1850 873 1960 913 itaque
1974 871 2119 904 Cadmus
2135 870 2256 912 lllyrio-

1233 942 1306 964 rum
1334 942 1469 975 regnum
1491 933 1700 975 adipiscitur,
1721 932 1815 973 eique
1841 931 1927 963 filius
1953 930 2098 962 nascitur
2115 929 2256 971 Illyrius.

1233 996 1247 1015 Ξ
1257 995 1424 1025 Postremo
1439 1002 1513 1026 cum
1538 993 1713 1025 Harmonia
1727 992 1760 1023 in
1776 991 1948 1023 draconem
1961 991 2117 1026 mutatus,
2135 989 2169 1022 in
2182 988 2259 1030 Ely-

1235 1050 1320 1082 sium
1337 1060 1486 1092 campum
1502 1060 1521 1083 a
1536 1053 1620 1083 Jove
1634 1050 1765 1082 abducti
1782 1050 1869 1081 sunt.

1279 1109 1323 1150 (5)
1360 1110 1541 1151 Polydorus
1558 1109 1742 1143 Thebarum
1757 1117 1854 1148 regno
1869 1108 2039 1149 praeseetus
2054 1105 2258 1148 Nycteidem‚

1235 1170 1361 1212 Nyctei,
1378 1169 1544 1208 Chthonii,
1570 1169 1683 1208 filiam,
1706 1176 1840 1200 uxorem
1856 1167 1959 1206 ducit,
1975 1176 2015 1199 ex
2036 1174 2138 1207 eaque
2159 1163 2262 1206 gignit

1238 1226 1436 1259 Labdacum.
1453 1226 1514 1258 Hic
1527 1226 1602 1266 post
1615 1225 1807 1263 Pentheum,
1822 1223 1911 1264 quod
1922 1222 2036 1256 eodem
2052 1222 2118 1254 fere
2131 1231 2195 1263 quo
2208 1220 2263 1253 illc

1237 1286 1307 1318 erat
1323 1285 1445 1325 animo,
1456 1284 1561 1325 periit.
1581 1288 1596 1307 2
1605 1286 1715 1322 Quum
1728 1291 1806 1315 vero
1820 1281 1990 1314 Labdacus
2004 1281 2119 1314 Laium
2135 1280 2264 1313 annicu-

1238 1344 1308 1376 lum
1321 1343 1422 1375 filium
1436 1343 1631 1384 reliquisset,
1645 1351 1702 1382 per
1723 1341 1793 1382 ejus
1805 1339 1961 1382 puerilem
1975 1341 2104 1372 aetatem
2129 1347 2263 1380 regnum

1241 1403 1301 1436 sibi
1315 1402 1451 1443 arripuit
1465 1403 1583 1442 Lycus,
1591 1400 1687 1432 frater
1699 1399 1822 1441 Nyctei.
1839 1400 1980 1431 znorum
1993 1400 2129 1439 uterque
2137 1398 2266 1439 propter

1241 1462 1363 1495 caedem
1379 1461 1529 1502 Phlegyae
1542 1483 1552 1500 ,
1567 1469 1607 1492 ex
1623 1461 1725 1492 Marte
1745 1461 1778 1491 et
1795 1458 1914 1491 Dotide
1938 1457 2089 1490 Boebeide
2112 1456 2180 1489 nati
2194 1479 2204 1496 ,
2225 1455 2266 1488 ab

1241 1519 1367 1552 Euboea
1383 1518 1550 1551 exulatum
1566 1516 1715 1549 abierunt
1730 1516 1880 1557 Hyriam,
1904 1515 2021 1548 deinde
2036 1515 2079 1547 ob
2098 1514 2268 1547 necessitu-

1243 1580 1364 1617 dinem,
1384 1586 1457 1618 quae
1472 1586 1547 1609 cum
1560 1577 1702 1608 Pentheo
1718 1577 1755 1608 iis
1769 1575 1961 1616 intercessit,
1981 1575 2064 1607 inter
2078 1574 2166 1607 cives
2186 1574 2267 1606 The-

1243 1638 1344 1670 banos
1359 1638 1435 1669 sunt
1445 1637 1573 1678 recepti.
1589 1640 1602 1660 ⁴
1612 1639 1719 1677 Lycus
1730 1634 1828 1676 igitur
1842 1634 1917 1667 belli
1930 1634 1997 1666 dux
2010 1643 2028 1666 a
2042 1633 2203 1667 Thebanis
2217 1633 2268 1666 de-

1244 1696 1346 1728 lectus
1373 1704 1501 1727 summa
1518 1703 1624 1726 rerum
1639 1694 1764 1734 potitus
1794 1695 1854 1731 est,
1871 1695 1903 1724 et
1917 1694 1990 1733 post
2005 1700 2139 1732 regnum
2154 1691 2266 1732 viginti

1245 1762 1404 1786 annorum
1421 1763 1440 1786 a
1462 1754 1562 1786 Zetho
1578 1754 1610 1785 et
1626 1752 1804 1793 Amphione
1823 1751 2012 1783 interemtus
2027 1751 2112 1783 diem
2123 1750 2205 1783 obiit
2219 1759 2270 1783 su-

1245 1821 1402 1854 premum.
1420 1815 1543 1845 Caussa
1564 1812 1609 1844 rei
1636 1811 1697 1843 suit
1714 1811 1784 1842 haec
1799 1820 1806 1841 :
1825 1814 1839 1833 ὃ
1851 1811 1993 1851 Nycteus
2011 1809 2110 1842 filiam
2132 1809 2271 1842 habebat

1246 1872 1434 1912 Antiopam3
1453 1880 1527 1903 cum
1552 1871 1613 1902 hac
1638 1870 1763 1910 Jupiter
1793 1877 1985 1910 congressus
2008 1869 2068 1901 est.
2104 1868 2167 1900 Ubi
2194 1877 2270 1900 vero
2313 1870 2316 1872 ’

1246 1931 1377 1972 gravida
1391 1931 1488 1970 esset,
1506 1932 1594 1971 patre
1606 1938 1735 1970 poenam
1751 1928 1932 1968 minitante,
1947 1927 2118 1968 Sicyonem
2136 1926 2218 1968 sugit
2229 1926 2268 1959 ad
2316 1939 2320 1942 ·

1246 1993 1413 2032 Epopeum
1425 1990 1519 2030 eique
1533 1988 1654 2029 nupsit.
1671 1988 1831 2028 ⁸Nycteus
1847 1986 1975 2018 interim
2006 1995 2143 2018 moerore
2166 1985 2272 2018 conse·

1247 2053 1332 2089 ctus,
1348 2051 1518 2090 postquam
1536 2049 1660 2087 Lycum
1673 2046 1707 2077 in
1719 2047 1886 2086 Epopeum
1902 2046 1934 2076 et
1943 2043 2116 2084 Antiopam
2130 2043 2272 2075 animad—
2318 2034 2320 2036 ’

1247 2107 1531 2149 verterejusserat,
1549 2105 1609 2137 sibi
1623 2105 1691 2146 ipse
1712 2105 1850 2135 mortem
1865 2102 2034 2134 conscivit.
2052 2104 2176 2143 ⁷Lycus
2195 2109 2273 2134 vero

1249 2169 1281 2200 in
1294 2167 1413 2200 bellum
1430 2165 1592 2207 profectus
1608 2164 1775 2204 Sicyonem
1790 2162 1874 2202 cepit
1884 2162 1916 2193 et
1928 2163 2095 2202 Epopeum
2111 2161 2274 2193 interemit
2318 2160 2320 2162 ’

1248 2229 1281 2259 et
1303 2225 1474 2266 Antiopam
1496 2222 1657 2264 captivam
1679 2220 1825 2252 abduxit.
1846 2222 1948 2252 ³Haec
1968 2220 2047 2252 dum
2069 2220 2129 2252 iter
2144 2219 2219 2252 fecit
2239 2220 2272 2251 in

1248 2282 1430 2316 Eleutheris
1448 2280 1578 2314 Boeotiae
1608 2278 1685 2310 urbe
1704 2278 1847 2318 geminos
1862 2277 1995 2318 peperit,
2009 2285 2092 2318 quos
2109 2277 2274 2318 expositos

1250 2340 1410 2374 bubulcus
1432 2336 1556 2369 invenit
1577 2344 1614 2367 ac
1635 2334 1801 2374 educavit,
1820 2342 1998 2374 eorumque
2012 2333 2149 2366 alterum
2170 2332 2274 2365 nomi-

164 2397 222 2435 τὸν
245 2396 307 2448 μὲν
334 2397 402 2434 κα)
405 2401 434 2433 εἰ
462 2397 597 2443 Ζῆθον,
627 2393 685 2431 τὸν
717 2391 753 2430 δὲ
780 2391 961 2444 Ἀμφίονα.
988 2392 1098 2436 Ζῆθος
1126 2388 1189 2440 μὲν
1218 2397 1222 2439 1
1250 2409 1311 2431 ιω
1316 2399 1341 2430 1t
1362 2397 1510 2436 Zethum,
1521 2394 1658 2426 alterum
1678 2392 1904 2433 Amphionem.
1921 2391 2040 2423 Zethus
2052 2391 2098 2423 rei
2116 2391 2275 2432 pecuariae
2311 2384 2320 2424 ’ξ

166 2460 224 2494 οὐν
245 2456 448 2507 ἐπεμελεῖτο
472 2451 708 2507 βουφορὸίων,
739 2449 893 2505 Ἀμφίων
919 2447 955 2486 δὲ
981 2448 1189 2501 κιθαρῳδίαν

166 2515 287 2563 ἤσκει,
308 2514 422 2555 δόντος
443 2514 537 2566 αὐτῷ
547 2511 654 2565 λύραν
666 2510 814 2585 Ἑρμοῦ.
840 2507 1040 2554 9Ἀντιόπην
1059 2505 1095 2544 δὲ
1114 2508 1192 2559 ᾐκι-

168 2577 244 2619 ζετο
262 2571 376 2616 Λύκος
394 2570 575 2624 καθείρξας
587 2601 596 2618 ,
624 2569 683 2607 καὶ
702 2572 724 2616 ἡ
741 2567 863 2606 τούτου
879 2565 966 2618 γυνὴ
984 2565 1108 2619 Δίρκη·
1128 2567 1192 2604 λα-

168 2635 276 2670 θουσα
299 2630 335 2669 δέ
361 2645 474 2677 ποτε,
504 2631 574 2667 τῶν
599 2628 735 2679 δεσμῶν
769 2624 976 2676 αὐτομάτως
1005 2622 1190 2671 λυθέντων,

168 2697 250 2739 ’ἡκεν
272 2692 329 2730 ἐπὶ
354 2707 423 2730 των
442 2689 575 2729 παίδων
594 2687 758 2736 ἔπαυλιν,
786 2688 949 2739 δεχθηναι
967 2685 1052 2738 πρὸς
1077 2686 1191 2722 αὐτῶν

169 2751 329 2790 θέλουσα.
357 2752 439 2788 ΙΟΟι
457 2747 506 2796 δὲ,
528 2746 849 2799 ἀναγνωρισάμενοι
867 2744 931 2791 τὴν
951 2741 1114 2796 μητέρα,
1131 2743 1190 2781 τὸν

171 2810 234 2862 μὲν
267 2809 381 2849 Λύκον
410 2807 603 2853 κτείνουσι,
638 2805 701 2852 τὴν
738 2803 773 2843 δὲ
805 2803 935 2857 Δίρκην
964 2802 1111 2849 δήσαντε
1097 2818 1128 2845 ες
1154 2803 1194 2839 ἐκ

170 2868 298 2921 ταύρου
316 2871 486 2905 θανουσαν
506 2866 687 2919 ῥίπτουσιν
705 2865 751 2907 εἷς
779 2878 909 2917 κρηνην
936 2860 999 2908 τὴν
1025 2860 1085 2898 ἀπ’
1104 2860 1194 2898 εκεί-

171 2943 232 2974 νης
238 2925 465 3000 καλουμένην
477 2924 620 2978 Δίρκην.
645 2919 955 2974 ΗΠοιραλαὸόντες
969 2918 1005 2958 δὲ
1018 2918 1081 2965 τὴν
1094 2919 1195 2956 δυνα-

173 2986 308 3034 στείαν,
329 2984 390 3031 τὴν
413 2983 476 3035 μὲν
493 2983 594 3022 πόλιν
621 2982 809 3033 ἐτείχισαν,
837 2977 1193 3024 ἐπακολουθησάντων

173 3046 216 3094 τῇ
244 3042 423 3095 Ἀμφίονος
451 3041 541 3095 λύρᾳ
565 3043 633 3079 τῶν
659 3040 784 3078 λίθων·
812 3037 922 3077 Λάϊον
950 3035 986 3075 δὲ
1019 3035 1193 3080 ἐξέὸαλον.

178 3101 255 3139 12Ὁ
275 3101 310 3138 δὲ
324 3103 385 3149 ,ἐν
407 3099 667 3152 Πελοποννήσῳ
689 3099 874 3146 διατελων,
894 3095 1107 3141 ἐπιξενοῦται
1124 3092 1198 3133 Πέ-

175 3161 278 3207 λοπι,
299 3160 357 3197 καὶ
377 3159 499 3197 τούτου
520 3159 630 3197 παῖδα
656 3157 887 3211 Χρύσιππον,
913 3154 1195 3209 ἁρματοδραμεῖν

177 3216 369 3265 διδάσκων,
389 3218 544 3270 ἕρασθεις
564 3216 767 3270 ἀναρπάζει.

232 3275 286 3326 (6)
300 3277 413 3325 Γαμεῖ
439 3275 475 3313 δὲ
505 3278 615 3322 Ζήθος
638 3274 680 3325 μὲ
683 3291 700 3313 ν
727 3274 875 3322 Θήὸην,
905 3275 951 3326 ἀφ
954 3267 1020 3319 ’ἧς
1047 3274 1069 3318 ἠ
1100 3270 1199 3314 πόλις

179 3334 308 3382 Θηὸαι·
333 3334 485 3387 Ἀμφίων
508 3333 543 3372 δὲ
570 3334 702 3382 Νιόὸην
729 3333 792 3380 τὴν
818 3332 1022 3379 Ταντάλ,ου
1048 3330 1070 3376 ἣ
1096 3345 1199 3382 γεννα

179 3394 305 3437 παῖδας
326 3392 388 3444 μὲν
407 3393 493 3430 ἑπτὰ
507 3424 516 3441 ,
537 3392 708 3441 Σίπυλον,
726 3392 878 3431 Μίνυτον
891 3422 900 3440 ,
918 3388 1107 3441 Ἴσμηνον,
1130 3390 1199 3427 Δα-

1251 2457 1360 2490 studio
1381 2465 1415 2488 se
1431 2454 1540 2494 dabat,
1558 2452 1718 2494 Amphion
1733 2460 1752 2483 a
1763 2450 1922 2483 Mercurio
1930 2450 1998 2491 lyra
2017 2449 2154 2482 donatus
2172 2450 2271 2483 citha·
2316 2451 2317 2454 ’

1252 2517 1404 2549 roedicam
1425 2512 1602 2547 exercebat.
1619 2515 1633 2535 ³
1648 2511 1820 2551 Antiopam
1849 2518 1926 2541 vero
1945 2509 2104 2541 inclusam
2119 2510 2226 2550 Lycus
2241 2510 2274 2541 et
2309 2493 2314 2510 ³

1251 2577 1346 2609 Dirce
1360 2575 1478 2615 conjux
1490 2572 1720 2606 contumeliose
1738 2568 1926 2616 tractabant.
1945 2567 2004 2600 Sed
2020 2567 2157 2600 vinculis
2175 2577 2276 2608 quon·
2308 2556 2310 2558 ¹

1252 2638 1326 2670 dam
1341 2636 1425 2667 ultro
1441 2634 1567 2674 solutis,
1583 2632 1694 2664 furtim
1710 2630 1750 2662 ad
1762 2629 1901 2661 filiorum
1912 2627 2121 2666 domicilium,
2135 2628 2171 2659 ut
2180 2627 2220 2659 ab
2235 2627 2275 2660 iis

1252 2695 1463 2736 exciperetur,
1479 2692 1654 2724 contendit.
1674 2695 1700 2713 ¹⁰
1711 2689 1774 2727 Qui
1807 2689 1909 2720 matre
1926 2687 2032 2728 agnita
2047 2687 2171 2727 Lycum
2193 2685 2276 2718 occi·

1252 2755 1351 2792 dunt,
1372 2762 1409 2784 ac
1430 2752 1544 2783 Dircen
1567 2749 1711 2781 crinibus
1727 2747 1766 2779 ad
1784 2749 1911 2778 taurum
1948 2744 2111 2785 religatam
2139 2745 2275 2783 necant,
2313 2734 2320 2766 Ϊ

1253 2816 1349 2853 atque
1365 2813 1527 2843 mortuam
1544 2810 1576 2841 in
1586 2809 1720 2846 sontem,
1733 2806 1787 2847 qui
1801 2805 1841 2837 ab
1853 2814 1891 2837 ea
1906 2804 2000 2836 Dirce
2016 2802 2200 2834 nominatus
2215 2803 2276 2840 est,
2311 2795 2316 2843 J

1252 2871 1441 2912 conjiciunt.
1463 2872 1486 2891 ¹¹
1501 2870 1664 2909 Occupato
1677 2865 1792 2898 deinde
1807 2863 1942 2904 imperio
1955 2862 2080 2901 urbem,
2096 2859 2277 2893 subsecutis
2301 2858 2320 2917 ³}

1254 2928 1442 2971 Amphionis
1454 2928 1557 2968 lyram
1569 2925 1742 2967 lapidibus,
1754 2932 1848 2955 muro
1856 2922 2026 2954 cinxerunt
2038 2919 2214 2958 Laiumque
2228 2917 2276 2949 t'u·
2308 2942 2320 2966 ἱ,

1253 2989 1378 3029 gai-unt.
1398 2985 1488 3018 ¹³Hic
1500 2993 1602 3025 quum
1617 2984 1650 3015 in
1671 2982 1892 3022 Peloponneso
1916 2980 2097 3012 versaretur
2121 2985 2140 3008 a
2163 2975 2278 3016 Pelope
2307 2974 2316 3012 ‚f

1254 3044 1564 3086 hospitioexceptus‚
1577 3041 1679 3073 filium
1703 3041 1772 3080 ejus
1798 3038 2026 3078 Chrysippum,
2043 3043 2140 3076 quem
2157 3032 2277 3065 curulis
2300 3062 2320 3086 4

1254 3103 1331 3136 artis
1341 3101 1525 3135 exercendae
1532 3100 1688 3132 rationem
1700 3096 1865 3134 edocebat,
1875 3103 1984 3127 amore
1995 3094 2147 3125 incensus
2161 3090 2276 3132 rapuit.

1299 3278 1345 3320 (6)
1368 3276 1486 3309 Zethus
1510 3282 1646 3306 uxorem
1675 3271 1765 3304 ducit
1788 3268 1918 3302 Theben
1932 3291 1942 3307 ,
1962 3276 1981 3298 a
2006 3275 2071 3307 qua
2096 3265 2277 3298 Thebarum

1256 3337 1333 3371 urbs
1353 3334 1576 3378 cognominata
1597 3334 1664 3371 est;
1682 3330 1842 3371 Amphion
1870 3335 1947 3360 vero
1971 3325 2108 3359 Niobam
2129 3322 2276 3363 Tantali,

1257 3406 1330 3439 quae
1346 3398 1466 3438 septem
1482 3393 1510 3427 ei
1523 3392 1606 3434 parit
1620 3391 1703 3424 filios
1719 3400 1725 3421 :
1742 3388 1899 3430 Sipylum,
1914 3386 2087 3427 Minytum,
2102 3386 2279 3420 Ismenum,
