2320 3684
820 162 1018 203 EPHORI
1046 162 1381 203 FRAGMENTA.

222 254 377 294 LIBER
414 249 897 292 DECIMUSOCTAVUS.

521 321 536 358 l
544 319 608 359 30.

2087 159 2159 195 271

1190 302 1379 353 Ulpianus
1407 301 1456 339 ad
1475 245 1807 350 Demosltllliaept.
1827 303 1892 345 41,
1908 296 1957 335 de
1977 296 2111 348 proelio
2127 296 2168 334 in

13 367 25 386 s
99 383 306 423 Athenaeus
344 383 422 426 XI,
448 394 488 432 p·
521 378 610 425 500’
640 381 701 416 B:
734 377 920 416 Ἐκαλεῖτο
949 376 986 415 δὲ
1019 376 1079 416 καὶ
1138 374 1230 412 agro
1257 362 1469 409 Corinthio,
1490 359 1718 398 nominatim
1756 358 1796 396 in
1828 370 1920 408 agro
1951 356 2169 405 Nemeensi,

46 441 258 498 Δερκυλίδας
287 443 305 479 ὁ
329 436 605 489 Λακεδαιμόνιος
633 435 771 491 Σκύφος
799 436 996 487 (deceptus
1024 444 1081 474 est

46 503 252 542 Athenaeus
286 511 407 551 prava
437 497 629 548 scriptura
642 525 652 544 ,
683 509 772 533 nam
804 494 958 549 Σίσυφος
986 499 1085 533 Der-

47 560 183 612 cylidae
227 570 439 609 cognomen
458 555 541 594 fuit.
564 553 768 606 Dindorff.)‚
782 553 829 597 ὥς
854 569 959 608 φησιν
972 552 1085 608 Ἔφο-

47 636 104 675 ρος
116 621 151 659 ἐν
165 621 209 671 τῇ
223 615 507 668 ὀκτωκαιδεκάτῃ
521 613 634 666 λέγων
648 613 772 657 οὕτως·
787 631 803 648 σι
813 613 1086 666 Λακεδαιμόνιοι

47 678 126 719 ἀντὶ
162 676 347 731 Θίὸρωνος
379 673 595 729 Δερκυλίδαν
619 672 781 726 ἔπεμψαν
802 674 850 716 εἷς
864 672 928 720 τὴν
953 672 1086 722 Ἀσίαν,

48 735 231 779 ἀκούοντες
264 732 319 773 ὅτι
345 733 463 773 πάντα
486 732 653 786 πράττειν
689 730 850 771 εἰώθασιν
867 734 899 770 οἱ
923 731 1003 785 περὶ
1023 730 1086 779 τὴν

49 793 166 836 Ἀσίαν
187 793 358 847 βάρὸαροι
374 790 464 844 μετὰ
478 790 617 838 ἀπάτης
635 790 695 829 καὶ
714 790 828 830 δόλου.
845 789 976 845 Διόπερ
995 792 1087 844 Δερ-

48 853 191 894 κυλίδαν
209 852 369 905 ἔπεμψαν
387 851 515 899 ἥκιστα
534 850 732 902 νομίζοντες
748 849 1086 897 ἐξαπατηθήσεσθαι·

48 908 91 962 ἦν
123 912 191 967 γὰρ
225 910 323 951 οὐδὲν
362 912 397 949 ἐν
420 913 471 964 τῷ
489 909 608 964 τρόπῳ
626 908 832 949 Λακωνικὸν
851 907 929 948 οὐδὲ
955 910 1088 948 ἁπλοῦν

50 971 160 1026 ἔχων,
189 971 280 1010 ἀλλὰ
302 970 392 1009 πολὺ
408 970 450 1009 τὸ
468 973 665 1023 πανοῦργον
684 969 744 1008 καὶ
764 969 804 1008 τὸ
823 969 1000 1022 θηριῶδες.
1026 968 1090 1008 Διὸ

51 1031 112 1071 καὶ
141 1029 277 1071 Σκύθον
303 1029 406 1068 αὐτὸν
423 1031 455 1068 οἱ
469 1027 743 1080 Λακεδαιμόνιοι
760 1027 1052 1083 προσηγόρευον.»

526 1092 539 1126 l
550 1089 593 1126 31
604 1118 611 1126 .

109 1148 326 1199 Stephanus
339 1146 495 1201 εἙρμοῧ
512 1146 655 1196 Πεδίον,
668 1145 772 1191 τόπος
785 1145 934 1194 πλησίον
949 1143 1088 1197 Κύμης.

53 1205 207 1261 Ἔφορος
225 1204 526 1258 ὀκτωκαιδεκάτῃ.

531 1269 618 1308 132.

109 1335 305 1373 Diodorus
311 1339 417 1383 XIV,
432 1349 445 1372 1
454 1335 502 1380 54
514 1349 522 1372 :
535 1335 882 1385 Carthaginienses,
895 1333 942 1372 de
950 1333 1091 1371 virium

57 1394 233 1445 Dionysii
248 1394 502 1446 amplitudine
519 1394 701 1432 certiores
717 1394 818 1441 facti,
835 1407 966 1431 rerum
987 1392 1095 1431 belli-

57 1467 188 1491 carum
218 1462 408 1505 apparatu
425 1454 539 1504 longe
559 1466 744 1504 superare
761 1453 889 1504 ipsum
907 1452 1092 1491 decreve-

62 1520 162 1550 runt.
193 1510 324 1565 Διόπερ
349 1511 544 1563 Ἰμίλκωνα
570 1509 720 1563 βασιλέα
739 1511 831 1549 κατὰ
853 1509 960 1562 νόμον
980 1526 1095 1558 καταῑ

57 1569 271 1620 στήσαντες,
289 1572 329 1609 ἐκ
342 1572 405 1617 τῆς
422 1568 558 1617 Λιὸύης
572 1569 674 1618 ὅλης,
689 1568 741 1608 ἔτι
755 1569 785 1607 δ’
803 1570 843 1607 ἐκ
858 1572 922 1616 τῆς
940 1568 1096 1623 Ἰὅηρίας

61 1628 259 1682 συνήγαγον
287 1627 470 1681 δυνάμεις,
497 1627 559 1672 τὰς
585 1627 649 1680 μὲν
669 1627 767 1683 παρὰ
787 1630 857 1667 τῶν
894 1628 1095 1682 συμμάχων

61 1686 400 1740 μεταπεμπόμενοι,
428 1686 491 1731 τὰς
523 1685 559 1725 δὲ
591 1686 839 1739 μισθούμενοι·
872 1686 932 1725 καὶ
965 1685 1074 1742 πέρας
1086 1719 1096 1737 ,

61 1746 226 1801 ἤθροισαν
259 1745 323 1798 μὲν
353 1748 467 1792 πεζῶν
493 1744 581 1800 ὑπὲρ
603 1746 665 1790 τὰς
688 1746 880 1799 τριάκοντα
905 1746 1096 1799 μυριάδας,

62 1807 179 1850 ἱππεῖς
194 1804 231 1844 δὲ
243 1804 544 1859 τετρακισχιλίους
554 1835 564 1853 ,
579 1804 688 1858 χωρὶς
703 1807 773 1843 τῶν
788 1803 970 1859 ἁρμάτων
984 1808 1098 1844 ταῦτα

62 1865 93 1903 δ’
111 1859 201 1912 ἦσαν
220 1862 430 1918 τετρακόσια
445 1880 454 1888 ·
474 1866 558 1908 ναῦς
572 1862 608 1902 δὲ
626 1863 764 1918 μακρὰς
781 1863 844 1915 μὲν
855 1863 1098 1917 τετρακοσίας,

61 1924 124 1969 τὰς
143 1924 178 1964 δὲ
194 1923 253 1963 τὸν
271 1929 366 1963 σῖτον
387 1923 448 1963 καὶ
467 1922 511 1962 τὰ
534 1923 782 1975 μηχανήματα
813 1923 874 1962 καὶ
902 1922 966 1971 τὴν
987 1922 1098 1972 ἄλλην

62 1984 258 2038 ’ὑπηρεσίαν
285 1982 612 2038 παρακοιμιζούσας
635 1983 775 2028 πλείους
794 1986 865 2022 τῶν
895 1984 1099 2034 ἑξακοσίων,

65 2044 223 2097 καθάπερ
237 2044 342 2098 φησὶν
362 2042 526 2098 Ἔφορος.
545 2042 698 2094 Τίμαιος
718 2042 782 2095 μὲν
801 2042 868 2098 γὰρ
888 2043 951 2087 τὰς
976 2045 1016 2082 ἐκ
1039 2046 1102 2091 τῆς

65 2102 199 2150 Αιὸύης
214 2102 467 2156 περαιωθείσας
487 2102 648 2154 δυνάμεις
664 2103 703 2141 οὗ
729 2102 868 2146 πλείους
887 2102 992 2157 φησὶν
1013 2096 1102 2141 εἶναι

65 2160 150 2201 δέκα
166 2161 358 2216 μυριάδων,
380 2161 440 2200 καὶ
465 2161 552 2216 πρὸς
573 2160 720 2205 ταύταις
747 2160 868 2215 ἑτέρας
894 2167 986 2216 τρεῖς
1008 2163 1102 2200 ἀπο-

67 2220 225 2275 φαίνεται
249 2221 342 2260 κατὰ
370 2222 536 2260 Σικελίαν
570 2221 919 2275 στρατολογηθείσας.
944 2223 1000 2260 Cf.
1022 2226 1101 2260 Po-

67 2280 176 2330 lyaen.
199 2284 244 2328 V,
266 2294 302 2328 2,
327 2294 362 2330 9.

255 2384 410 2423 LIBER
438 2384 923 2425 DECIMUSOCTAVUS.

545 2450 634 2482 130.

110 2503 211 2534 Porro
223 2496 322 2533 etiam
335 2500 522 2542 Dercylidas
547 2502 825 2542 Lacedaemonius,
841 2503 877 2534 ut
888 2502 934 2534 ait
945 2502 1095 2544 Ephorus

69 2545 151 2582 libro
167 2548 294 2581 decimo
306 2550 422 2581 octavo
433 2572 442 2588 ‚
460 2549 613 2590 scyphus
630 2549 709 2590 (imo
722 2549 904 2590 Sisyphus)
918 2550 1107 2582 nominatus

71 2598 131 2629 est.
138 2595 246 2629 verba
257 2595 380 2637 Ephori
393 2596 463 2627 haec
478 2598 574 2629 sunt:
586 2609 601 2625 α
609 2597 847 2629 Lacedaemonii
861 2597 932 2629 loeo
940 2597 1109 2642 Thimbro·

70 2643 122 2676 nis
140 2641 345 2684 Dercylidam
364 2641 523 2675 miserunt
541 2643 575 2675 in
596 2644 728 2683 Asiam,
744 2647 917 2685 postquam
942 2645 1106 2677 intellexe-

72 2690 145 2723 rant
167 2698 342 2722 consuesse
360 2689 521 2722 Asiaticos
542 2690 696 2723 barbaros
717 2693 789 2723 astu
806 2694 903 2733 atque
919 2692 994 2724 dolo
1015 2701 1108 2733 agere

73 2737 191 2770 omnia.
216 2739 323 2775 Quam
341 2737 383 2769 ob
405 2746 554 2770 caussam
577 2739 782 2779 Dercylidam
804 2740 961 2772 miserunt
974 2764 983 2780 ,
999 2740 1107 2772 existi-

74 2787 198 2816 mantes
221 2785 353 2817 minime
374 2785 463 2816 hunc
482 2793 517 2817 se
533 2785 637 2827 decipi
659 2794 833 2827 passurum
849 2797 857 2818 ε
877 2796 953 2819 nam
971 2787 1005 2818 in
1039 2796 1106 2819 mo-

75 2831 168 2864 ribus
198 2831 339 2864 hominis
370 2832 450 2864 nihil
478 2832 582 2864 inerat
608 2833 763 2866 Laconici
779 2834 898 2875 ingenii
910 2836 968 2866 aut
982 2835 1102 2876 simpli-

75 2878 191 2919 citatis,
209 2879 266 2912 sed
278 2879 382 2911 multa
397 2880 517 2912 astutia
531 2883 563 2912 et
573 2880 695 2913 feritas.
712 2883 819 2919 Quare
831 2881 930 2914 etiam
941 2881 1106 2923 scytham

78 2926 344 2968 cognominarunt
362 2935 438 2960 eum
452 2927 702 2960 Lacedaemonii.
713 2941 730 2957 ι»

543 2981 631 3014 131.

119 3033 384 3074 Hermaecampus
398 3058 408 3074 ‚
434 3033 525 3066 locus
540 3043 640 3075 prope
667 3037 789 3068 cumas
806 3035 956 3075 ,auctore
975 3036 1107 3076 Ephoro

79 3076 160 3111 libro
173 3080 428 3112 octavodecimo.

122 3185 404 3226 carthaginienses
428 3187 617 3220 Imilconem
634 3197 692 3229 pro
708 3189 815 3229 legum
828 3197 960 3221 suarum
977 3189 1105 3231 placnis

82 3240 186 3274 regem
200 3233 260 3265 sibi
273 3235 394 3275 creant,
403 3236 435 3268 et
451 3237 520 3267 tum
535 3244 576 3267 ex
589 3236 739 3269 universa
749 3236 867 3276 Africa,
876 3238 945 3268 tum
956 3236 1054 3269 etiam
1066 3244 1107 3267 ex

83 3278 237 3320 Hispania
251 3281 393 3313 militum
417 3282 527 3324 copias
543 3282 770 3323 conscribunt,
789 3292 928 3324 quarum
949 3285 1073 3324 partem
1089 3291 1108 3314 a

83 3326 308 3360 marceat-ratis
327 3333 480 3366 evocant,
502 3333 627 3370 partem
646 3339 710 3362 aere
725 3339 785 3362 suo
809 3330 1018 3369 conducunt,
1040 3331 1107 3360 tan-

85 3371 157 3404 dem
189 3373 336 3415 peditum
361 3375 446 3407 ultra
468 3377 610 3408 trecenta
636 3377 756 3417 millia,
771 3380 804 3410 et
827 3379 981 3419 quattuor
1007 3376 1110 3408 millia

1140 421 1245 471 quod
1264 435 1286 459 a
1305 421 1567 459 Demosthene
1583 423 1605 467 ἦ
1621 418 1758 470 μεγάλη
1772 416 1874 469 μάχη
1889 415 1975 470 πρὸς
1993 417 2171 456 Αακεδαι·

1141 478 1280 530 μονίους
1312 483 1334 527 ἡ
1351 481 1388 518 ἐν
1406 479 1565 533 Κορίνθῳ
1583 479 1739 529 dicitur]
1763 476 1849 531 Περὶ
1873 475 2004 524 ταύτης
2021 478 2084 522 τῆς
2103 475 2173 527 μά-

1141 554 1208 591 χης
1228 538 1418 592 Ὑπερίδης
1434 539 1551 591 εἴρηκε
1562 569 1571 587 ,
1593 538 1654 577 καὶ
1672 537 1770 593 παρὰ
1786 535 1927 591 Ἐφόρῳ
1943 535 2004 575 καὶ
2019 535 2172 590 Ἀνδρω-

1141 598 1241 636 τίωνι
1259 600 1466 652 ἱστορεῖται,
1485 601 1531 642 ὡς
1550 598 1713 646 ἐνίκησαν
1733 597 1813 642 τοὺς
1831 596 2030 644 Ἀθηναίους
2045 598 2077 635 οἱ
2093 598 2175 635 Λα-

1143 656 1359 711 κεδαιμόνιοι
1384 657 1529 712 σφόδρα.

1358 765 1513 804 LIBER
1547 763 1960 804 DECIMUSNONUS.

1201 883 1418 934 Stephanus
1434 896 1443 919 :
1457 881 1602 929 Ὠτιεῖς,
1624 886 1730 933 μοῖρα
1747 880 1930 935 Κυπρίων.
1955 879 2109 935 Ἔφορος
2126 880 2179 918 ἐν-

1146 941 1419 993 νεακαιδεκάτῃ·
1438 938 1687 991 «Ἀμαθούσιοι
1705 938 1741 977 δὲ
1763 939 1822 978 καὶ
1841 940 1961 980 Σόλιοι
1979 939 2037 978 καὶ
2050 940 2182 982 Ὠτιεῖς

1148 1001 1352 1054 ἀντέχοντες
1369 999 1420 1039 ἔτι
1439 1002 1490 1039 τῶ
1507 997 1666 1052 πολέμῳ.
1683 1017 1698 1033 »

1201 1061 1363 1099 Diodor.
1395 1063 1503 1106 XIV,
1535 1060 1585 1109 98
1606 1073 1614 1096 ε
1647 1055 1869 1108 Ἀμαθούσιοι
1899 1056 1936 1095 δὲ
1964 1057 2023 1096 καὶ
2062 1056 2183 1097 Σόλιοι

1148 1119 1208 1160 καὶ
1243 1122 1376 1167 Κιτιεῖς
1419 1120 1624 1170 ἀντέχοντες
1654 1118 1704 1169 τῷ
1728 1115 1874 1169 πολέμῳ
1903 1116 2065 1169 πρέσὸεις
2089 1117 2184 1156 ἀπέ-

1149 1180 1288 1217 στειλαν
1315 1176 1401 1231 πρὸς
1430 1173 1657 1229 Ἀρταξέρξην
1677 1174 1736 1213 τὸν
1766 1176 1912 1228 Περσῶν
1935 1174 2082 1227 βασιλέα
2103 1175 2183 1227 περὶ

1152 1236 1323 1290 βοηθείας.
1354 1236 1469 1275 Vides
1500 1235 1662 1273 alterum
1695 1235 1823 1272 locum
1858 1248 1907 1271 ex
1944 1235 2065 1272 altero
2100 1249 2185 1272 cor-

1150 1296 1354 1348 rigendum
1372 1308 1467 1333 esse.
1493 1297 1624 1341 Quare
1642 1293 1833 1331 Meursius
1853 1293 1894 1330 in
1915 1295 2043 1344 Cypro
2062 1297 2101 1338 Ι,
2126 1307 2185 1341 10,

1151 1370 1189 1408 p.
1209 1357 1272 1403 33,
1293 1354 1557 1405 adstipulante
1571 1353 1737 1401 Marxio,
1759 1353 1800 1390 in
1822 1352 1999 1391 Diodoro
2022 1365 2095 1404 pro
2115 1354 2186 1391 Κι-

1150 1420 1234 1458 τιεῖς
1255 1413 1513 1466 probabiliter
1533 1411 1668 1450 scribit
1694 1411 1841 1455 Ὠτιεῖς.

1205 1525 1490 1577 Harpocration
1503 1540 1512 1563 :
1525 1521 1997 1577 Ἱερώνυμος...,Ἱερωνύμου
2011 1527 2072 1561 τοῦ
2083 1538 2190 1576 στρα-

1152 1584 1371 1636 τηγήσαντος
1392 1582 1583 1629 Ἀθηναίων
1610 1581 1712 1620 ἄλλοι
1738 1597 1777 1620 τε
1808 1580 2098 1633 μνημονεύουσιν,
2130 1581 2190 1620 καὶ

1153 1643 1306 1697 Ἔφορος
1323 1643 1358 1680 ἐν
1377 1644 1421 1695 τῇ
1448 1640 1553 1695 ὀγδόῃ
1580 1641 1640 1680 καὶ
1668 1640 1820 1694 δεκάτῃ,
1847 1640 1907 1679 καὶ
1939 1642 1974 1680 ἐν
1998 1643 2042 1693 τῇ
2063 1640 2189 1694 ἐννάτῃ

1155 1702 1216 1741 καὶ
1236 1700 1381 1754 δεκάτῃ.

1634 1754 1720 1791 136.

1209 1808 1428 1860 Stephanus
1443 1821 1453 1846 z
1473 1806 1603 1854 Χυτὸν,
1619 1806 1748 1860 χωρίον
1767 1804 1946 1861 Ἢπείροψ
1961 1806 2114 1861 Ἔφορος
2131 1808 2191 1845 ἐν-

1155 1865 1418 1920 νεακαιδεκάτῳ
1431 1880 1440 1888 ·
1458 1884 1473 1900 α
1486 1868 1533 1905 Οἱ
1552 1866 1581 1905 δ’
1598 1867 1637 1904 ἐκ
1650 1867 1887 1910 Κλαζομενῶν
1906 1865 2110 1920 κατῴκισαν
2131 1869 2194 1913 τῆς

1157 1927 1325 1982 Ἠπείρου
1344 1925 1384 1965 τὸ
1410 1925 1524 1965 Χυτὸν
1541 1925 1767 1977 καλούμενον.
1785 1943 1800 1959 n

1211 1991 1286 2025 Pro
1307 1984 1475 2039 Ἠπείρου
1502 1999 1589 2023 cum
1608 1984 1838 2024 Casaubono
1862 1985 1912 2023 ad
1934 1986 2061 2024 Strab.
2083 1989 2190 2036 XIV,

1162 2060 1200 2098 p.
1221 2046 1298 2097 956
1323 2045 1527 2097 legendum
1550 2044 1708 2099 ἠπείρου.
1725 2045 1845 2083 -Cf.
1866 2046 2062 2083 Aristotel.
2081 2045 2193 2083 Polit.

1162 2109 1206 2153 V,
1223 2107 1244 2143 3
1267 2106 1329 2156 (V,
1350 2118 1387 2152 2,
1413 2117 1473 2153 12,
1502 2117 1542 2155 p.
1569 2117 1641 2154 19²
1673 2103 1937 2156 Schneider.):
1961 2103 2196 2148 Στασιάζουσι

1160 2164 1189 2203 δ’
1209 2162 1318 2202 ἐνιότε
1335 2165 1371 2201 αἱ
1387 2161 1506 2207 πόλεις
1525 2162 1586 2201 καὶ
1610 2161 1668 2201 διὰ
1695 2162 1775 2208 τοὺς
1791 2162 1936 2212 τόπους,
1957 2162 2041 2202 ὅταν
2062 2161 2111 2214 μὴ
2135 2163 2196 2200 εὐ·-

1160 2224 1254 2274 φυῶς
1275 2220 1340 2274 ἔχῃ
1363 2224 1384 2268 ἡ
1402 2220 1504 2275 χώρα
1526 2219 1613 2274 πρὸς
1632 2219 1672 2259 τὸ
1694 2220 1776 2272 μίαν
1803 2215 1892 2260 εἶναι
1921 2221 2043 2260 πόλιν·
2063 2216 2133 2259 οἷον
2160 2221 2195 2258 ἓν

1163 2281 1404 2331 Κλαζομεναῖς
1431 2282 1463 2318 οἱ
1497 2279 1555 2318 ἐπὶ
1582 2279 1712 2334 Χύτρῳ
1730 2280 1817 2334 πρὸς
1838 2279 1918 2324 τοὺς
1935 2282 1970 2319 ἐν
1994 2280 2102 2334 νήσῳ.
2125 2284 2195 2319 Ce-

1165 2383 1314 2425 equitum
1345 2385 1485 2424 cogunt;
1518 2383 1668 2416 curribus
1695 2384 1774 2416 hinc
1795 2384 1938 2426 exceptis
1962 2384 2018 2426 qui
2045 2385 2196 2426 quadrin-

1165 2434 1336 2472 gentorum
1363 2439 1538 2463 numerum
1564 2431 1749 2472 explebant.
1776 2431 1836 2464 His
1863 2436 2068 2465 accesserunt
2095 2433 2198 2473 longae

1166 2487 1266 2511 naves
1278 2480 1394 2520 quater
1406 2481 1538 2510 centum
1548 2503 1558 2520 ,
1578 2487 1717 2520 quaeque
1731 2479 1904 2519 frumenta,
1923 2480 2154 2520 machinasque
2166 2482 2198 2511 et

1165 2526 1324 2567 reliquam
1337 2525 1510 2558 ministerii
1522 2525 1649 2567 copiam
1664 2526 1873 2566 adveherent,
1888 2535 1954 2558 non
1970 2526 2053 2557 infra
2070 2534 2197 2557 sexcen-

1165 2574 1229 2614 tas,
1247 2576 1283 2605 ut
1295 2573 1427 2614 quidem
1443 2572 1485 2604 ab
1498 2573 1629 2614 Ephoro
1645 2575 1841 2605 recensetur.

1208 2677 1255 2707 De
1281 2683 1388 2716 pugna
1403 2674 1442 2706 ad
1464 2629 1661 2706 corinthuni
1672 2629 1866 2715 :ilipa-ides
1889 2672 1971 2705 dixit
1994 2674 2090 2713 atque
2111 2672 2197 2714 apud

1165 2722 1331 2763 Ephorum
1359 2724 1392 2753 et
1425 2721 1660 2753 Androtionem
1682 2723 1849 2761 narratur,
1866 2719 2078 2753 Athenienses
2102 2719 2197 2761 plane

1165 2769 1311 2802 devictos
1333 2778 1404 2802 esse
1420 2778 1439 2801 a
1457 2769 1724 2802 Lacedaemoniis.

1600 2821 1792 2831 ⁴*-

1379 2863 1531 2902 LlBER
1567 2860 1980 2901 DECIMUSNONUS.

1209 2976 1330 3015 Otiees‚
1339 2984 1415 3016 pars
1429 2974 1635 3015 cypriorum.
1646 2927 1801 3013 ῙΕἳιιΙίιοτυε
1813 2973 2028 3006 nonodecimo
2043 2983 2051 3005 :
2072 2986 2088 3002 α
2101 2976 2196 3007 Ama-

1164 3022 1267 3054 thusii
1285 3025 1404 3061 autem,
1419 3023 1451 3053 et
1468 3020 1556 3061 Solii,
1574 3022 1606 3052 et
1621 3019 1729 3051 Otiecs
1751 3019 1936 3053 resistentes
1951 3020 2056 3053 adhuc
2070 3021 2166 3055 bello.
2176 3035 2192 3051 n

1639 3074 1655 3106 1
1664 3074 1711 3106 35
1717 3097 1725 3106 .

1208 3127 1398 3167 Hieronymi
1417 3124 1662 3157 Atheniensium
1679 3124 1827 3166 praetoris
1843 3133 1919 3157 cum
1935 3125 1991 3158 alii
2009 3128 2194 3169 meminere,

1167 3178 1236 3207 tuin
1254 3175 1405 3216 Ephorus
1420 3173 1503 3205 libro
1517 3172 1765 3205 octavodecimo
1781 3174 1879 3214 atque
1896 3174 2151 3208 undevicesimo.

1209 3280 1352 3320 Chyton,
1369 3279 1461 3311 locus
1474 3278 1508 3310 in
1522 3227 1843 3311 contingnffnthmi
1869 3279 2077 3314 Clazomenii.
2092 3283 2195 3324 Epho-

1168 3337 1223 3359 rus
1249 3327 1463 3359 nonodecimo
1491 3335 1499 3357 :
1525 3327 1618 3364 «Qui
1633 3335 1711 3359 vero
1737 3335 1776 3359 ex
1806 3327 2008 3361 Clazomenis
2030 3329 2139 3362 locum
2164 3331 2197 3362 iu

1167 3374 1350 3407 continente
1376 3374 1506 3414 Chyton
1521 3375 1675 3406 vocatum
1694 3372 1866 3406 incoluere.
1891 3387 1908 3402 »
