2294 3704
964 124 1031 165 DE
1058 126 1278 168 EPHORO.

2047 139 2156 167 mu

51 210 148 249 δειαν
168 211 227 250 καὶ
248 210 448 263 ἐπιμέλειαν
459 211 529 262 (7).
550 214 694 249 Verum
707 210 812 262 quod
829 209 992 256 ἀλήθειαν
1011 220 1074 249 at-
1138 222 1253 264 poeta
1277 213 1426 252 comico
1443 214 1572 265 potius
1591 226 1704 264 quam
1726 212 1774 250 ab
1795 212 2041 251 historiarum
2060 215 2157 253 scri-

51 272 148 309 tinet
160 301 170 318 ,
188 285 271 309 eam
289 279 370 309 tum
384 273 423 309 in
437 270 628 309 historicis
649 278 732 308 tum
753 270 792 308 in
811 271 1076 321 geographicis

49 344 72 369 a
85 332 213 370 multis
229 332 263 370 ei
279 331 501 382 denegatam
515 344 596 369 esse
609 330 795 378 videmu5‚
811 344 880 368 nec
895 330 948 378 id,
967 339 1075 381 puto,

50 390 132 428 sine
152 403 292 428 caussa.
312 391 374 428 Sic
388 388 582 427 Diodorus
601 394 632 437 Ι,
652 391 701 440 39
719 405 726 426 :
748 388 854 428 Ἀλλὰ
870 387 935 442 γὰρ
955 390 1017 427 οὐκ
1034 388 1074 427 ἄν

49 463 102 492 τις
123 448 207 501 παρ’
227 446 367 501 Ἐφόρῳ
388 446 566 494 ζητήσειεν
593 449 632 487 ἐκ
651 447 780 491 παντὸς
799 445 928 501 τρόπου
950 449 1076 501 τάκρι-

50 504 120 555 ὄὲς,
140 508 228 560 ὁρῶν
248 505 348 544 αὐτὸν
369 506 404 544 ἐν
424 507 565 550 πολλοῖς
579 505 819 560 ὠλιγορηκότα
831 508 894 552 τῆς
903 505 1075 552 ἀληθείας.

50 564 189 603 strabo
207 567 254 610 V,
273 577 312 615 p.
336 564 409 612 375
427 579 436 602 :
456 566 489 603 Τ
492 568 581 604 αῧτα
601 563 637 603 δὲ
649 564 742 616 λέγω
758 566 877 618 σαφῶς
888 563 950 616 μὲν
963 562 1075 609 εἰδὼς,

49 621 102 661 ὅτι
130 621 189 661 καὶ
216 616 315 666 οἶτος
340 621 419 661 οὔτε
443 623 663 671 ἀληθέστατα
693 622 788 675 λέγει
809 623 890 676 περὶ
920 622 1074 662 πάντων.

48 682 191 720 Seneca
215 683 300 719 Nat.
325 685 467 729 Quaest.
497 684 592 730 V11,
621 683 665 720 16
682 696 691 719 ε
709 683 878 732 Ephorus
893 696 983 719 vero
1002 696 1075 719 non

47 741 334 789 religiosissimae
347 741 468 790 fidei,
491 745 628 791 soepius
646 743 834 791 decipitur,
858 754 959 790 soepe
977 741 1074 776 deci-

43 801 112 848 pit.
138 797 310 835 Eandem
342 799 565 837 sententiam
590 799 722 851 prodit
744 799 867 838 Schol.
890 798 938 852 ad
960 802 1073 836 Hom.

49 855 92 894 ll.
114 858 195 904 IX,
215 856 286 894 381
314 856 443 895 verbis
459 887 469 906 ,
491 859 520 896 εἰ
543 858 663 902 πιστὸς
681 857 854 912 Ἔφορος;
873 866 911 895 et
933 857 1074 895 Aristi-

49 914 115 953 des
132 922 224 953 tom.
240 919 300 964 II,
317 930 355 968 p.
377 918 448 955 353
473 932 481 955 :
500 919 625 969 Δῶμεν
647 919 759 965 ἀληθῆ
777 914 888 969 λέγειν
907 913 1072 970 Ἔφορον.

49 976 202 1021 Quanta
237 973 401 1026 denique
432 969 597 1025 T'i'niaeus
630 977 830 1028 Ephorum
867 975 1075 1014 acerbitate

49 1041 273 1083 persecutus
287 1035 335 1072 sit
347 1034 408 1072 vel
423 1031 610 1074 levissima
622 1044 779 1087 peccata
796 1035 979 1073 conviciis
998 1035 1075 1072 suis

47 1099 204 1140 notans,
235 1105 283 1130 ex
310 1093 526 1131 Siculorum
563 1094 783 1146 fragmentis
809 1095 898 1132 satis
923 1093 1074 1132 abunde

49 1157 209 1188 constat.
224 1154 304 1190 Nec
322 1161 461 1203 praeter
481 1153 583 1191 hunc
598 1155 775 1205 Ephorus
794 1154 1023 1192 adversariis
1036 1161 1074 1191 et

50 1209 271 1248 censoribus
289 1212 422 1249 caruit.
441 1215 536 1251 Nam
556 1221 690 1252 contra
707 1227 795 1251 eum
814 1214 968 1265 scripsit
988 1213 1075 1250 Ale-

49 1268 176 1316 xinus,
190 1269 391 1308 Eubulidis
405 1271 627 1324 discipulus,
645 1287 666 1311 a
680 1273 905 1311 criminandi
918 1272 1075 1310 libidine

50 1325 246 1378 Ἐλεγξῖνος
264 1331 554 1381 cognominatus
572 1332 697 1383 (Diog.
716 1336 758 1370 L.
780 1335 831 1379 11,
855 1333 941 1379 106,
965 1345 979 1368 1
993 1330 1074 1382 10);

49 1399 169 1437 porro
196 1390 323 1425 Strato
355 1389 648 1440 Peripateticus,
674 1391 854 1441 magister
882 1389 1076 1427 Ptolemaei

50 1445 324 1497 Philopatoris,
351 1455 485 1485 contra
515 1448 663 1499 Ephori
688 1447 886 1502 Εὑρήματα
914 1446 1077 1500 ἐλέγχους

51 1502 111 1542 δύο
127 1505 524 1558 edidit(Di0gen.L.V,
539 1508 605 1558 59,
617 1508 736 1546 Index
746 1509 902 1546 Auct.in
921 1509 1015 1546 Plin.
1028 1510 1074 1546 H.

49 1566 97 1602 N.
117 1563 183 1602 lib.
201 1565 300 1614 VII).
321 1566 389 1603 His
408 1565 548 1604 addere
575 1568 698 1618 possis
719 1567 958 1605 Heraclidem
977 1570 1077 1605 Pon-

52 1623 182 1669 ticum,
203 1624 271 1674 qui
290 1624 489 1675 Ephorum
505 1626 762 1677 reprehendit,
783 1626 886 1677 quod
902 1629 1078 1664 Artemo-

49 1682 109 1720 nis
123 1690 273 1721 aetatem
293 1696 371 1721 non
390 1693 492 1722 recte
510 1685 768 1724 constituisset
789 1685 993 1737 (Plutarch.
1008 1689 1079 1723 Pe-

51 1741 130 1779 ricl.
149 1755 183 1779 c.
203 1741 282 1792 27).

102 1799 305 1839 Probabile
319 1810 375 1840 est
391 1802 591 1854 plerasque
607 1804 747 1842 horum
762 1812 872 1842 notas
887 1803 1078 1842 censorias

51 1858 100 1897 ad
131 1872 191 1897 res
223 1860 495 1912 geographicas
520 1871 558 1899 et
589 1863 845 1913 antiquiorem
879 1863 1077 1901 historiam

51 1918 294 1969 pertinuisse.
310 1921 559 1958 Accuratiora
572 1921 689 1972 igitur
705 1921 854 1960 dederit
871 1921 938 1959 ubi
956 1925 1078 1959 Hero-

51 1976 186 2014 dotum
200 1986 238 2015 et
247 1978 510 2029 Thucydidem
522 1989 560 2018 et
570 1981 885 2032 Xenophontem,
897 1980 1012 2018 rebus
1030 1980 1078 2018 ab

50 2035 147 2086 ipsis
167 2036 317 2074 traditis
334 2051 505 2087 coaevos,
526 2039 642 2077 duces
669 2040 777 2091 sequi
799 2040 947 2091 potuit3
972 2040 1078 2090 quod

52 2107 140 2132 eum
155 2095 286 2134 fecisse
299 2109 345 2134 eo
360 2097 486 2135 minus
502 2098 804 2137 addubitandum
818 2113 900 2137 esse
913 2098 1079 2147 videtur,

53 2168 173 2205 quum
191 2156 274 2207 ipse
294 2156 488 2207 professus
507 2157 556 2195 sit
569 2185 578 2202 ,
603 2171 686 2196 eam
706 2158 787 2196 fore
806 2158 1076 2209 praestantissi-

52 2226 154 2250 mam
183 2216 439 2265 cognoscendi
469 2216 656 2253 rationem
685 2217 716 2254 si
741 2225 872 2268 posset
902 2218 1003 2265 fieri,
1038 2225 1080 2255 ut

53 2273 127 2323 ipsi
146 2274 352 2324 scriptores
372 2274 487 2312 rebus
504 2275 681 2325 gerendis
700 2276 977 2314 intervenirent
990 2277 1078 2327 (Po-

54 2330 132 2380 lyb.
151 2334 250 2379 XII,
278 2333 357 2382 27).
376 2336 427 2370 At
444 2333 474 2370 si
493 2334 552 2371 vel
572 2347 693 2385 pauca
711 2348 795 2385 quae
815 2335 938 2373 adhuc
956 2335 1075 2374 habe-

55 2403 139 2428 mus
170 2390 380 2442 fragmenta
401 2405 488 2429 cum
507 2391 659 2430 illorum
685 2393 854 2431 historiis
874 2408 1079 2445 compare-

56 2467 158 2503 mus,
183 2463 240 2493 tot
262 2455 378 2494 obvia
395 2456 490 2494 fiunt
509 2457 619 2495 aliter
641 2466 756 2509 atque
776 2458 824 2496 ab
841 2460 914 2497 illis
931 2460 1080 2507 tradita,

55 2522 99 2551 ut
117 2515 176 2553 his
193 2528 272 2566 prae
285 2516 421 2554 ceteris
438 2516 593 2566 quidem
611 2517 722 2554 fidem
744 2531 850 2555 snam
865 2532 943 2556 non
960 2520 1082 2570 possit

57 2573 286 2624 adjunxisse.
304 2575 364 2613 Sic
385 2588 470 2625 quae
490 2575 538 2613 de
554 2576 637 2613 Pari
656 2575 858 2615 obsidione
877 2586 1082 2615 narrantur

58 2632 118 2684 (fr.
143 2637 231 2681 107)
265 2633 449 2671 recedunt
476 2634 525 2672 ab
555 2635 774 2673 narratione
792 2636 979 2674 Herodoti
998 2638 1080 2688 (VI,

60 2693 107 2730 32
126 2692 244 2744 sqq.);
265 2693 402 2731 eodem
420 2693 532 2731 modo
549 2707 634 2744 quae
652 2694 832 2744 leguntur
852 2695 986 2746 fragm.
1010 2710 1023 2732 1
1037 2710 1050 2732 1
1063 2710 1078 2732 1

59 2760 98 2788 et
116 2765 130 2788 1
142 2753 186 2789 13
198 2765 277 2789 non
291 2753 498 2789 concinunt
518 2766 604 2790 cum
623 2753 823 2791 Herodoto
854 2758 943 2805 VII,
958 2757 1028 2793 158
1045 2765 1082 2793 et

4 2838 6 2841 ψ
58 2813 160 2859 VIlI,
180 2813 238 2856 46.
257 2814 350 2860 Quae
369 2812 506 2850 deinde
526 2812 658 2864 fragm.
684 2827 698 2850 1
711 2827 756 2863 ¹9
773 2814 866 2852 dicit
881 2815 928 2853 de
941 2817 1084 2853 caussis

60 2868 151 2907 belli
169 2871 504 2922 Peloponnesiaci,
517 2879 591 2908 tam
614 2872 726 2923 longe
740 2872 879 2910 absunt
894 2887 915 2911 a
927 2874 1083 2924 Thucy-

64 2928 184 2967 dideis
223 2937 444 2980 tantamque
471 2930 641 2982 produnt
668 2931 882 2979 levitatem,
915 2941 958 2970 ut
988 2947 1032 2971 ea
1063 2947 1085 2971 a

105 3049 148 3088 (7)
169 3048 282 3081 strabo
294 3053 354 3090 IX,
374 3059 406 3091 p.
421 3052 499 3083 646:
514 3051 661 3094 Ἔφορος,
683 3053 709 3094 ᾧ
729 3053 764 3085 τὸ
778 3054 924 3086 πλεῖστον
940 3056 1086 3097 χρώμεθα

65 3095 115 3127 διὰ
128 3097 184 3134 τὴν
198 3098 267 3139 περὶ
288 3100 387 3129 ταῦτα
402 3098 587 3139 ἐπιμέλειαν.
604 3100 651 3131 cf.
671 3104 799 3141 scymn.
817 3102 875 3134 Ch.
889 3111 921 3134 v,
949 3106 1019 3135 130.
1035 3107 1084 3135 Jo-

66 3141 182 3182 sephus
194 3146 229 3175 C.
243 3144 356 3184 Apion.
371 3148 404 3185 I,
418 3148 467 3185 12,
481 3154 511 3186 p.
525 3147 585 3178 444
603 3147 737 3179 Haverk.
756 3158 763 3175 t
778 3150 817 3180 Οἱ
832 3149 990 3186 δοκοῦντες
1003 3149 1086 3192 ἀκρι-

65 3188 206 3221 6έστατοι
230 3194 428 3234 συγγραφεῖς,
457 3192 500 3224 ὧν
523 3193 657 3226 ἐστικαὶ
679 3194 820 3238 Ἔφορος.
852 3196 965 3228 Strabo
986 3201 1033 3236 X,
1052 3207 1084 3238 p.

0 3251 1 3256 =
67 3239 127 3270 4⁶5
142 3247 150 3268 :
167 3235 342 3279 Πολύὸιος,
366 3241 483 3282 φήσας,
505 3243 573 3284 περὶ
601 3245 663 3274 τῶν
692 3243 880 3282 Ἑλληνικῶν
907 3246 1009 3283 καλῶς
1033 3247 1087 3286 μὲν

16 3303 20 3307 -
67 3283 211 3324 Εὔδοξον,
229 3285 379 3318 κάλλιστα
395 3287 420 3318 δ’
435 3287 566 3330 Ἔφορον
583 3289 752 3330 ἐξηγεῖσθαι
773 3292 841 3334 περὶ
852 3292 995 3333 κτίσεων,
1017 3304 1087 3333 συγ·

69 3334 202 3371 γενειῶν,
221 3334 486 3375 μεταναστάσεων,
504 3335 692 3378 ἀρχηγετῶν.

1131 278 1242 320 ptore
1261 279 1434 310 mutuata
1450 285 1532 309 esse
1546 271 1693 320 credas,
1705 285 1829 323 neque
1840 272 1998 311 omnino
2010 274 2158 325 Ephori

1129 327 1387 379 integritatem
1408 330 1506 368 tueri
1536 330 1679 381 possiS,
1700 330 1786 379 nisi,
1809 339 1852 368 ut
1870 331 2039 369 Marxius
2053 332 2156 382 fecit,

1130 387 1258 436 plures
1275 387 1378 426 dicas
1389 402 1540 427 caussas
1553 389 1643 427 belli
1653 388 1701 427 ab
1719 390 1878 441 Ephoro
1891 389 2046 427 traditas
2060 403 2156 439 esse,

1130 457 1290 495 quarum
1318 446 1506 485 Diodorus
1525 448 1698 499 elegisset
1717 448 1959 486 deteriorem.
1981 449 2055 487 Sed
2074 463 2157 488 ma—

1130 502 1186 551 gis
1200 502 1281 540 haec
1291 504 1350 541 vir
1363 504 1497 543 doctus
1517 507 1684 544 auctoris
1703 507 1760 544 sui
1778 506 2007 545 defendendi
2024 521 2156 547 caussa

1129 561 1325 612 scripsisse
1345 563 1498 600 videtur
1513 578 1627 614 quam
1645 579 1693 603 ex
1710 579 1802 603 vera
1819 566 1935 604 animi
1955 568 2154 606 sententia.

1129 620 1318 670 Equidem
1352 622 1500 660 acrisiae
1532 625 1691 662 crimine
1722 638 1800 662 non
1829 626 1883 663 ita
1912 626 2154 665 absolverim.

1129 678 1218 716 Sine
1245 678 1364 717 dubio
1379 693 1461 730 quoe
1489 681 1536 719 de
1558 683 1704 720 Pericle
1734 683 1952 722 fabulantur
1970 699 2015 723 ex
2037 699 2156 736 opere

1128 738 1262 776 hausta
1278 747 1387 788 sunt,
1412 741 1523 791 quale
1549 741 1620 779 fuit
1648 743 1743 780 illud
1762 744 2006 783 Stesimbroti
2026 746 2156 785 Thasii

1129 796 1218 851 Περὶ
1235 797 1517 849 Θεμιστοκλέους
1540 799 1598 837 καὶ
1619 800 1833 840 Θουκυδίδου
1850 803 1909 841 καὶ
1929 803 2155 857 Περικλέους,

1127 855 1167 893 111
1185 864 1333 907 quo,ut
1349 857 1573 895 Plutarchus
1594 860 1741 908 (Pericl.
1753 874 1786 899 e.
1801 863 1860 912 13)
1873 870 2045 911 testatur,
2059 865 2158 902 ἱστο-

1130 913 1186 967 ρία
1204 914 1249 953 τὰ
1272 914 1335 966 μὲν
1354 913 1488 967 φθόνοις
1508 915 1566 954 καὶ
1586 917 1813 968 δυσμενείαις,
1831 918 1876 956 τὰ
1890 918 1926 957 δὲ
1942 921 2156 974 χαριζομένη

1128 972 1187 1012 καὶ
1201 972 1456 1022 κολακεύουσα,
1471 974 1679 1025 λυμαίνεται
1696 976 1755 1015 καὶ
1774 976 1969 1031 διαστρέφει
1988 979 2050 1026 τὴν
2066 980 2156 1028 ἀλή-

1128 1037 1235 1072 θειαν.
1254 1057 1308 1063 -
1329 1037 1373 1072 111
1403 1035 1557 1072 illorum
1582 1034 1746 1086 denique
1773 1044 1990 1086 temporum
2015 1039 2158 1077 descri-

1128 1093 1261 1143 ptione
1287 1106 1372 1143 quae
1391 1092 1534 1131 bellum
1551 1094 1918 1144 Peloponnesiacum
1945 1097 2156 1147 excipiunt,

1127 1151 1397 1202 Xenophontis
1416 1152 1682 1189 auctoritatem
1703 1152 1742 1189 in
1765 1152 1956 1203 plerisque
1977 1155 2158 1205 repudia-

1129 1217 1205 1246 tam
1218 1223 1313 1257 esse,
1326 1223 1374 1247 ex
1385 1210 1563 1262 pluribus
1574 1211 1661 1248 licet
1671 1211 1862 1261 augurari.
1875 1210 2016 1249 Confer
2029 1226 2158 1262 quaeso

1128 1268 1327 1319 copiarum
1346 1281 1551 1306 numerum
1574 1269 1618 1306 fr.
1641 1282 1712 1318 ¹29
1734 1268 1931 1320 proditum
1947 1283 2034 1307 cum
2048 1271 2159 1322 longe

1129 1327 1316 1378 ampliore
1343 1327 1410 1364 illo
1433 1326 1535 1377 apud
1563 1327 1742 1377 Xenoph.
1763 1326 1883 1365 Anah.
1903 1331 1934 1375 I,
1957 1342 1992 1375 7,
2018 1343 2063 1366 10
2079 1331 2157 1380 (sed

1129 1386 1190 1424 hic
1210 1387 1423 1438 Ephorum,
1447 1400 1495 1424 ex
1513 1389 1656 1434 Ctesla‚
1676 1395 1719 1424 ut
1736 1387 1907 1435 videtur,
1927 1389 2077 1427 veriora
2091 1390 2161 1428 ha-

1130 1443 1222 1482 bere
1241 1445 1353 1496 puto)
1370 1474 1381 1493 ,
1405 1459 1524 1496 porro
1542 1445 1677 1496 fragm.
1702 1446 1772 1482 138
1788 1460 1874 1483 cum
1893 1447 2161 1499 Xenophontis

1130 1505 1224 1542 nell.
1248 1508 1300 1553 V,
1325 1519 1397 1553 27,
1422 1505 1555 1555 fragm.
1590 1510 1661 1550 144
1686 1519 1774 1543 cum
1794 1507 1894 1545 Hell.
1919 1509 1989 1553 VI,
2020 1514 2067 1558 4,
2098 1512 2159 1547 31.

1130 1565 1260 1610 Quare
1289 1563 1398 1602 valde
1430 1563 1630 1615 probabile
1662 1573 1718 1616 est
1752 1578 1836 1615 quae
1877 1566 1926 1604 de
1960 1568 2160 1605 Leuctrica

1131 1636 1260 1674 pugna
1280 1632 1411 1661 narrat
1431 1624 1624 1662 Diodorus
1644 1625 1743 1674 (XV,
1762 1626 1823 1675 55)
1843 1626 1882 1663 in
1901 1627 2031 1665 multis
2044 1631 2162 1666 aXe-

1130 1682 1364 1732 nophonteis
1388 1682 1630 1731 dissidentia,
1653 1683 1765 1720 sicuti
1792 1684 1865 1722 alia
1883 1685 2090 1735 ejusmodi,
2114 1700 2162 1724 ex

1133 1741 1292 1792 Ephoro
1324 1741 1498 1779 desumta
1529 1755 1623 1780 esse.
1657 1743 1731 1781 Sed
1767 1743 1845 1781 haec
1880 1746 2009 1783 omnia
2040 1759 2160 1796 quum

1131 1801 1312 1851 Ephorus
1336 1809 1402 1838 aut
1425 1801 1509 1852 ipse
1528 1801 1672 1839 vidisse
1695 1803 1817 1852 possit
1840 1811 1906 1840 aut
1927 1802 1977 1841 ab
1999 1805 2162 1842 oculatis

1132 1858 1292 1897 testibus
1311 1860 1522 1911 accepisse,
1549 1861 1747 1911 permagni
1773 1861 1965 1908 facienda,
1995 1870 2033 1899 et
2051 1862 2118 1900 ubi
2140 1876 2163 1901 a

1131 1919 1404 1970 Xenophontis
1447 1920 1666 1957 narratione
1714 1920 1898 1958 recedunt
1941 1921 2162 1972 dignissima

1132 1986 1240 2024 sunt,
1274 1991 1359 2029 quae
1387 1978 1670 2016 accuratissime
1687 1979 1968 2017 examinentur.
1993 1983 2046 2018 Ut
2067 1994 2161 2018 vero

1132 2037 1205 2074 rite
1219 2037 1292 2074 hoc
1308 2037 1464 2088 negotio
1489 2037 1695 2088 fungamur
1714 2051 1839 2088 neque
1860 2046 2002 2076 temere
2024 2041 2160 2076 Xeno-

1133 2098 1319 2149 phontem
1332 2098 1491 2149 Ephoro
1503 2098 1816 2149 postponendum
1828 2113 2065 2150 censeamus,
2079 2101 2162 2151 pri-

1133 2169 1236 2194 mum
1258 2157 1462 2195 tenendum
1486 2165 1542 2195 est
1562 2157 1669 2207 quod
1688 2157 1735 2194 de
1751 2157 1906 2195 militari
1917 2159 2047 2196 Nostri
2067 2172 2163 2210 pru-

1133 2216 1262 2253 dentia
1276 2215 1394 2254 habet
1410 2215 1604 2266 Polybius,
1619 2215 1741 2265 judex
1759 2216 1896 2254 harum
1914 2230 2040 2254 rerum
2057 2218 2162 2268 peri-

1135 2275 1300 2313 tissimus
1324 2275 1434 2325 (XII,
1457 2275 1521 2325 25,
1537 2288 1571 2325 g.
1592 2275 1779 2313 edem-is.
1798 2289 1846 2312 ex
1859 2279 2040 2327 Excerpt.
2055 2277 2161 2313 Vati-

1134 2333 1247 2380 can.).
1278 2334 1511 2384 «Ephorus,
1535 2334 1606 2380 ait,
1635 2333 1860 2372 bellicorum
1891 2348 2051 2386 operum
2078 2349 2162 2385 quae

1134 2393 1290 2444 quidem
1314 2393 1410 2431 mari
1430 2402 1616 2444 geruntur
1635 2394 1811 2430 notitiam
1835 2394 2001 2444 aliquam
2021 2394 2162 2431 habere

1135 2453 1227 2489 mihi
1240 2451 1404 2499 videtur,
1415 2460 1680 2490 verumtamen
1692 2453 1912 2503 proeliorum
1926 2453 2159 2490 terrestrium

1135 2511 1248 2561 plane
1267 2518 1324 2548 est
1340 2511 1507 2561 ignarus.
1537 2514 1664 2560 Quare
1689 2512 1720 2549 si
1745 2512 1830 2562 quis
1849 2511 2047 2562 Ephorum
2067 2524 2159 2561 spe-

1135 2577 1211 2607 ctet
1238 2569 1356 2608 verba
1387 2570 1588 2607 facientem
1618 2570 1665 2608 de
1697 2570 1895 2607 navalibus
1923 2569 1969 2606 ad
1990 2573 2159 2619 Cyprum

1136 2628 1375 2679 Cnidumque
1400 2629 1555 2680 proeliis,
1573 2642 1659 2679 quae-
1673 2629 1812 2667 Persici
1829 2628 1929 2678 regis
1944 2627 2060 2664 duces
2081 2636 2160 2665 tuin

1136 2696 1270 2726 contra
1285 2692 1501 2740 Evagoram
1519 2689 1780 2735 Salaminium,
1793 2697 1872 2724 tum
1887 2687 2070 2724 adversus
2085 2690 2161 2724 La-

1136 2748 1389 2786 cedaemonios
1407 2749 1697 2795 commiserunt,
1719 2747 1919 2784 mirabitur
1932 2759 2021 2783 sane
2034 2745 2160 2783 histo-

1138 2806 1207 2843 rici
1227 2806 1442 2845 facundiam
1458 2816 1573 2857 atque
1591 2807 1789 2857 peritiam,
1811 2813 1926 2855 atque
1948 2804 2037 2842 hinc
2058 2805 2160 2842 mul·-

1139 2874 1215 2902 tam
1237 2865 1436 2903 utilitatem
1462 2866 1509 2903 ad
1527 2866 1667 2903 similes
1689 2877 1798 2902 casus
1822 2864 2001 2914 colligere
2017 2876 2159 2914 possu—

1138 2938 1232 2962 mus.
1263 2927 1388 2973 Quum
1412 2934 1538 2962 autem
1568 2936 1734 2973 pugnam
1762 2922 1810 2960 ad
1842 2926 2008 2960 Leuctra
2031 2933 2160 2961 narrat

1137 2983 1407 3021 Thebanorum
1423 2992 1460 3020 et
1476 2982 1862 3029 Lacedaemoniorum,
1879 2989 1944 3018 aut
1958 2981 2060 3018 illam
2075 2995 2160 3032 quae

1139 3043 1187 3080 ab
1215 3043 1347 3080 iisdem
1377 3042 1426 3079 ad
1454 3040 1589 3078 urbem
1615 3040 1851 3078 Mantineam
1875 3048 2050 3077 conserta
2079 3049 2164 3085 est,

1140 3101 1207 3140 ubi
1222 3103 1340 3139 vitam
1361 3099 1644 3150 Epaminondas
1659 3097 1854 3149 profudit,
1870 3097 1984 3148 hujus
2003 3098 2163 3148 inquam

1140 3160 1369 3197 narrationis
1405 3159 1436 3195 si
1467 3158 1553 3207 quis
1586 3166 1712 3207 partes
1739 3157 1956 3194 consideret
1969 3185 1979 3202 ,
1996 3163 2032 3193 et
2064 3156 2161 3193 aciei

1141 3217 1410 3254 instructiones
1447 3215 1607 3264 ejusque
1640 3215 1763 3253 varias
1797 3215 2047 3261 mutationes,
2076 3227 2162 3264 quae

1142 3277 1314 3314 fervente
1340 3273 1477 3325 proeliO
1497 3272 1738 3320 acciderunt,
1754 3273 1939 3312 ridiculus
1968 3272 2159 3310 videbitur

1142 3342 1274 3371 auctor
1305 3341 1342 3370 et
1374 3332 1485 3382 plane
1518 3331 1739 3383 imperitus,
1769 3341 1812 3370 ut
1858 3333 1924 3382 qui
1953 3344 2160 3381 numquam
