2320 3684
148 173 223 210 380

874 156 1189 199 PHILOCHORI
1220 153 1549 193 FRAGMENTA.

147 270 204 294 σεν
226 253 285 301 ἔτη
301 253 342 301 ν’,
361 252 417 291 διὰ
438 255 547 303 μῆκος
563 249 725 300 σώματος
754 246 845 286 οὕτω
873 244 1106 296 καλούμενος,
1125 241 1171 285 ὥς
1231 250 1302 286 tur,
1319 254 1399 278 cum
1413 239 1543 289 quIbus
1547 240 1769 288 patientiam
1785 233 1920 271 laboris
1945 238 1982 270 in
2007 234 2154 271 colendo
2173 245 2257 270 rure

147 328 251 367 φησιν
265 315 282 351 ὁ
302 310 517 363 Φιλόχορος,
532 308 554 355 ἢ
569 307 620 346 ὅτι
638 305 823 358 Αἰγύπτιος
840 303 887 342 ὢν
905 303 964 346 τὰς
982 302 1042 341 δύο
1057 300 1174 355 γλώσ-

147 387 210 415 σας
226 370 411 418 ἠπίστατο.

200 430 342 469 Eadem
373 436 460 465 sunt
490 425 592 476 apud
615 423 778 473 Syncell.
803 423 943 460 chron.
964 435 1003 472 p.
1029 420 1114 467 153,
1127 422 1172 458 A.

147 488 350 526 Phavorin.
372 500 408 522 v.
427 484 569 536 Κέκροψ
587 481 768 534 exprimit
791 480 1010 519 Philochori
1028 486 1175 517 senten-

150 548 254 593 tiam,
265 546 366 583 hunc
382 553 504 581 temen
517 555 593 580 non
610 541 793 579 nominat.

204 667 343 706 Strabo
362 668 440 711 IX,
465 678 502 716 p.
525 665 601 714 609
627 664 728 702 Alm.
761 663 857 712 [368
880 660 1056 712 Tzsch.]:
1077 658 1177 708 Φησὶ

151 725 349 779 Φιλόχορος
370 721 610 778 πορθουμένης
631 725 694 769 τῆς
725 720 844 775 χώρας
867 722 907 759 ἐκ
923 719 1095 766 θαλάττης
1116 718 1178 770 μὲν

152 785 219 824 ὑπὸ
255 785 396 836 Καρῶν,
427 783 467 820 ἐκ
496 784 560 833 γ’ῆς
588 779 624 819 δὲ
644 779 712 819 ὑπὸ
743 781 919 828 Βοιωτῶν,
949 778 1006 823 οὒς
1035 777 1180 816 ἐκάλουν

150 844 292 891 Ἄονας,
314 840 481 894 Κέκροπα
497 842 634 894 πρῶτον
663 840 708 883 εἷς
729 838 948 877 δυωκαίδεκα
964 837 1081 880 πόλεις
1098 852 1179 875 συν-

152 901 282 941 οικίσαι
300 900 341 939 τὸ
367 901 516 947 πλῆθος,
546 892 593 937 ῶν
619 897 796 949 ὀνόματα,
816 895 1018 950 Κεκροπία,
1046 894 1182 948 Τετρά-

151 964 271 1009 πολις,
291 958 470 1012 Ἐπακρία
483 988 493 1005 ,
525 956 692 997 Δεκέλεια
707 985 717 1004 ,
739 955 918 1004 Ἐλευσὶς,
937 954 1083 1007 Ἄφιδνα
1105 955 1117 1006 (
1120 952 1181 992 λέ-

153 1036 253 1072 γουσι
271 1017 307 1057 δὲ
326 1018 386 1057 καὶ
405 1019 647 1066 πληθυντικῶς
666 1014 853 1070 Ἀφίδνας),
873 1013 1042 1068 Θόρικος,
1063 1016 1182 1067 Βραυ-

156 1078 237 1133 ρὼν,
261 1078 418 1131 Κύθηρος
432 1106 442 1124 ,
464 1075 643 1131 Σφηττὸς,
663 1074 840 1128 Κηφισία,
862 1073 1044 1126 Φαληρός.
1066 1072 1182 1112 Πάλιν

154 1138 184 1175 δ’
199 1137 342 1190 ὕστερον
361 1138 409 1180 εἷς
432 1135 514 1188 μίαν
535 1134 636 1174 πόλιν
658 1139 865 1187 συναγαγεῖν
884 1131 1024 1185 λέγεται
1041 1131 1104 1178 τὴν
1124 1135 1184 1169 νῦν

154 1195 215 1239 τὰς
232 1195 367 1234 δώδεκα
389 1193 540 1243 Θησεύς.

207 1309 335 1347 Schol.
351 1308 459 1346 Pind.
477 1307 539 1345 Ol.
558 1309 616 1345 IX
629 1337 639 1355 ,
655 1307 704 1343 68
718 1321 727 1343 :
747 1304 946 1357 Φιλόχορος
962 1302 1000 1341 δέ
1015 1318 1101 1357 φησι
1115 1301 1188 1341 Κέ-

156 1382 293 1422 κροπα,
315 1365 524 1419 βουλόμενον
545 1365 602 1403 τὸν
622 1366 691 1402 τῶν
711 1363 900 1411 Ἀθηναίων
921 1363 1031 1412 δῆμον
1060 1361 1120 1400 καὶ
1149 1362 1189 1400 τὸ

155 1429 286 1473 πλῆθος
316 1427 525 1476 ἐπιγνῶναι,
550 1425 715 1462 κελεῦσαι
757 1421 882 1465 αὐτοὺς
913 1420 1028 1464 λίθους
1067 1419 1188 1458 λαὸεῐν

157 1485 216 1524 καὶ
237 1487 385 1536 ἐνεγκεῖν
409 1485 456 1528 εἷς
473 1483 512 1521 τὸ
530 1482 648 1533 μέσον,
669 1480 702 1526 ἐξ
721 1475 768 1519 ῶν
786 1482 974 1533 ἐπιγνῶναι
992 1478 1190 1532 δισμυρίους

158 1543 280 1586 αὐτοὺς
300 1543 412 1586 ὄντας.
447 1542 532 1580 Ἀπὸ
562 1541 744 1594 Κέκροπος
769 1534 827 1578 οῧν
850 1554 935 1593 φησι
958 1537 1037 1581 τοὺς
1066 1538 1190 1590 ὄχλους

157 1602 262 1645 λαοὺς
275 1603 524 1653 ὀνομασθῆναι.

651 1663 710 1700 13.

212 1724 387 1764 Macrob.
409 1727 487 1762 Sat.
512 1727 549 1771 Ι,
584 1737 644 1769 10,
678 1723 741 1759 fin.
759 1737 767 1759 :
785 1722 1003 1758 Saturnalia
1038 1724 1194 1768 itemque

163 1787 300 1835 Opalia
334 1782 515 1821 celebrari
554 1783 837 1830 (crediderunt),
886 1781 986 1828 quod
1011 1780 1194 1816 Saturnus

161 1849 312 1892 ejusque
338 1857 434 1879 utor
457 1851 531 1878 tam
539 1841 700 1890 frugum
730 1853 842 1888 quam
850 1838 1043 1886 fructuum
1074 1851 1196 1886 reper-

163 1912 256 1939 tores
272 1915 350 1937 esse
364 1901 571 1936 credantur.
590 1902 726 1947 Itaque
742 1901 843 1933 omni
863 1895 1057 1944 J‘amfoetu
1079 1909 1169 1944 agro
1179 1917 1192 1922 -

164 1974 244 1996 rum
282 1968 414 2003 coacto,
456 1957 506 1994 ab
538 1955 743 1993 hominibus
771 1955 835 1991 hos
865 1956 951 1990 cleos
975 1956 1056 1998 coli,
1089 1957 1198 2002 quasi

163 2023 254 2055 vitoe
288 2021 445 2054 cultioris
478 2025 643 2052 auctores
658 2043 670 2059 ‚
723 2027 812 2063 quos
854 2017 963 2050 etiam
1011 2014 1197 2048 nonnullis

165 2080 297 2115 coelum
315 2091 360 2114 ac
380 2086 515 2113 terram
541 2088 620 2112 esse
628 2086 851 2124 persuasum
878 2081 942 2108 est.
969 2072 1195 2108 Saturnum-

166 2151 236 2186 que
261 2136 351 2187 (scil.
383 2134 528 2183 ccelum)
545 2147 569 2170 a
601 2142 684 2169 satu
710 2134 858 2176 dictum,
882 2136 986 2178 cujus
1002 2143 1133 2166 caussa
1153 2131 1198 2165 de

167 2198 258 2232 coelo
283 2204 355 2231 est:
380 2203 421 2229 et
446 2202 586 2238 terram
620 2193 751 2240 Opem,
789 2195 892 2237 qu'us
923 2203 990 2239 ope
1021 2190 1200 2225 humanoe

167 2260 258 2292 vitoe
271 2257 450 2291 alimenta
464 2260 692 2301 quoeruntur,
710 2253 776 2286 vel
800 2249 850 2286 ab
874 2262 994 2299 opere,
1017 2263 1094 2299 per
1104 2250 1204 2298 quod

163 2314 309 2362 fructus
305 2313 514 2362 frugesque
522 2319 733 2347 nascuntur.
745 2338 752 2346 .
759 2339 779 2346 ..
792 2309 1032 2346 Philochorus
1040 2310 1200 2345 *S'aturno

170 2383 208 2410 et
223 2375 296 2422 Opi
303 2376 468 2422 primum
490 2374 526 2406 in
541 2372 662 2406 Attica
681 2372 849 2406 statuisse
867 2382 975 2405 aram
1005 2369 1200 2418 Cecropem

171 2435 268 2477 dicit,
290 2444 422 2480 eosque
440 2431 526 2466 deos
543 2443 616 2479 pro
631 2431 719 2465 Jove
738 2430 928 2476 Terraque
944 2431 1107 2473 coluisse,
1144 2431 1204 2464 in—

172 2497 412 2540 stituisseque,
448 2498 488 2526 ut
506 2498 638 2538 patres
652 2487 895 2536 familiarum
925 2496 963 2523 et
975 2486 1154 2536 frugibus
1169 2495 1208 2523 et

168 2550 350 2598 fructibus
359 2555 443 2598 jam
464 2552 594 2585 coactis
599 2550 744 2597 passim
777 2560 856 2582 cum
883 2550 992 2582 servis
1009 2559 1205 2582 vesceren-

175 2669 246 2709 pler
263 2666 418 2707 insignem
434 2663 578 2705 corporis
595 2661 834 2704 proceritatem,
850 2664 887 2692 ul
909 2661 954 2692 ait
976 2660 1202 2699 Philochorus,

177 2715 228 2747 vel
243 2713 332 2755 quod
354 2712 436 2744 duas
450 2711 591 2752 linguas,
607 2709 727 2751 quippe
747 2717 789 2741 ex
807 2709 947 2749 AEgypto
967 2707 1136 2746 oriundus,
1153 2715 1206 2739 co-

179 2762 284 2803 gnitas
301 2760 449 2792 hahebat.

222 2856 337 2888 Narrat
360 2853 572 2886 Philochorus
585 2875 595 2891 ,
623 2859 725 2892 quum
753 2850 891 2882 Atticam
908 2851 1007 2881 Cares
1026 2857 1045 2880 a
1062 2849 1167 2887 mari,
1190 2857 1208 2880 a

181 2905 266 2935 terra
280 2902 395 2941 Boeoti,
410 2909 492 2941 quos
509 2898 670 2931 vocabant
694 2900 801 2930 Aones
812 2921 820 2935 ‚
838 2896 1081 2937 popularentur,
1095 2895 1210 2936 princi—

182 2959 255 2991 pem
286 2952 459 2989 Cecropem
482 2948 515 2978 in
539 2945 712 2978 duodecim
740 2944 836 2976 urbes
860 2942 1102 2975 multitudinem
1125 2950 1210 2973 com-

183 2999 341 3038 posuisse,
355 3004 494 3037 quarum
510 2993 641 3026 nomina
657 2995 733 3025 sunt
746 2991 913 3032 Cecropia,
925 2990 1116 3031 Tetrapolis,
1132 2992 1212 3031 Epa-

186 3045 270 3083 cria,
298 3044 450 3082 Decelea,
467 3041 611 3078 Eleusis,
639 3040 788 3081 Aphidna
805 3038 931 3080 (plurali
951 3038 1049 3069 etiam
1077 3046 1212 3068 numero

187 3091 353 3132 Aphidnas
376 3092 500 3128 dicunt)
515 3115 523 3129 ‚
543 3088 716 3127 Thoricus,
739 3090 896 3126 nram-on,
915 3086 1088 3126 Cytherus‚
1101 3085 1212 3125 Sphet-

187 3143 264 3177 ωε,
280 3139 431 3178 Cephisia
442 3162 450 3176 ‚
467 3137 631 3169 Phalerus.
663 3138 728 3167 Has
743 3135 860 3167 deinde
880 3132 1051 3165 duodecim
1068 3131 1164 3164 urbes
1181 3131 1214 3162 in
1242 3127 1246 3169 l

189 3195 286 3217 uuam
303 3186 500 3217 contraxisse
517 3194 586 3216 eam
597 3208 605 3223 ‚
625 3193 698 3224 quac
713 3183 890 3215 etiamnum
905 3182 974 3221 est,
993 3180 1114 3212 dicitur
1131 3180 1214 3211 The—
1243 3170 1248 3222 Ι

673 3279 688 3311 1
698 3279 718 3310 2
726 3302 734 3310 .

235 3325 446 3357 Philochorus
464 3324 558 3363 dicit,
580 3326 774 3365 Cecropem,
797 3331 899 3363 quum
922 3322 1020 3363 vellet
1043 3321 1218 3354 Athenien-

196 3374 280 3405 sium
295 3379 466 3403 numerum
480 3379 682 3410 cognoscere,
700 3380 755 3402 eos
769 3370 905 3410 iussisse
916 3369 1036 3410 lapides
1051 3368 1165 3401 afferre
1185 3370 1217 3400 et

1232 302 1474 336 toleraverant
1489 313 1502 334 .·
1519 299 1694 335 delectari
1704 299 1800 332 enim
1814 295 1920 330 deum
1935 293 2068 330 honore
2077 304 2257 330 servorum

1233 361 1476 407 contemplatu
1494 356 1638 394 laboris.

1722 418 1781 455 14.

1288 487 1441 538 Ulpian.
1452 485 1491 523 in
1501 483 1698 524 Demosth.
1714 486 1771 520 De
1784 480 1996 530 falsalegat.
2013 487 2039 516 t.
2057 479 2096 529 5,
2111 492 2148 531 p.
2173 492 2190 516 1
2201 493 2261 527 17,

1237 550 1266 585 B
1280 545 1406 599 (Basil.
1434 544 1548 595 1572)
1562 558 1570 581 :
1586 541 1777 596 Ἄγραυλος
1802 538 1862 577 καὶ
1881 536 1999 591 ἽΞρση
2022 537 2083 575 καὶ
2098 537 2263 592 Πάνδρο-

1238 619 1295 648 σος
1315 601 1498 656 θυγατέρες
1519 599 1718 655 Κέκροπος,
1746 597 1792 642 ὥς
1811 613 1913 652 φησιν
1931 599 1949 634 ὁ
1962 595 2172 650 Φιλόχορος.
2191 594 2265 635 Λέ-

1237 677 1337 715 γουσι
1348 660 1404 710 δὲ,
1420 659 1474 699 ὅτι
1486 659 1642 710 πολέμου
1659 657 1857 710 συμὸάντος
1869 660 1940 698 τοῖς
1950 653 2140 701 Ἀθηναίοις
2151 684 2162 702 ,
2175 651 2266 692 ὥστε

1241 720 1428 772 Εὔμολπος
1447 717 1652 772 ἐστράτευσε
1677 716 1755 755 κατ’
1782 712 1995 768 Ἐρεχθέως,
2021 712 2081 751 καὶ
2110 726 2267 764 μηκυνο-

1242 779 1346 832 μένου
1364 777 1503 819 τούτου,
1522 776 1670 830 ἔχρησεν
1699 777 1718 813 ὃ
1740 773 1918 813 Ἀπόλλων
1937 769 2268 823 ἀπαλλαγήσεσθαι,

1241 838 1301 877 ε’άν
1321 853 1371 880 τις
1392 836 1432 875 ἂν
1460 835 1524 888 ἕλῃ
1557 834 1677 873 ἑαυτὸν
1711 831 1798 887 ὑπὲρ
1829 835 1891 879 τ’ἥς
1920 830 2064 873 πόλεως.
2083 828 2135 868 (Ἡ
2155 827 2269 867 τοίνυν

1241 897 1434 951 Ἄγραυλος
1456 897 1584 933 ἑκοῦσα
1611 891 1717 939 αὑτὴν
1737 890 1901 936 ἐξέδωκεν
1931 891 1978 932 εἷς
2001 889 2158 927 θάνατον.
2178 886 2271 940 ''1⁴21ss-

1244 957 1321 1008 ῥιψε
1339 953 1407 1008 γὰρ
1425 951 1551 1000 ἑαυτὴν
1571 954 1611 990 ἐκ
1627 955 1687 990 τοῦ
1712 950 1859 1002 τείχους.
1882 942 1993 996 Εἶτα,
2012 943 2273 998 ἀπαλλαγέντος

1244 1018 1304 1051 τοῦ
1338 1011 1514 1063 πολέμου,
1549 1009 1640 1063 ἱερὸν
1673 1007 1761 1062 ὑπὲρ
1793 1006 1916 1046 τούτου
1950 1005 2143 1053 ἐστήσαντο
2163 1005 2273 1056 αὐτῇ,

1245 1069 1343 1124 παρὰ
1358 1068 1403 1108 τὰ
1421 1067 1623 1117 προπύλαια
1642 1070 1705 1114 τῆς
1720 1065 1955 1119 ἀκροπόλεως.

1299 1128 1449 1166 Ibidem
1466 1141 1504 1178 p.
1523 1141 1536 1163 1
1547 1128 1593 1170 34
1612 1141 1620 1163 :
1636 1124 1761 1177 Ἱέρεια
1776 1123 1915 1176 γέγονεν
1932 1125 1955 1168 ἡ
1971 1121 2162 1175 Ἄγραυλος
2179 1120 2276 1167 Ἀθη-

1246 1186 1366 1234 ναίων,
1389 1184 1435 1230 ὥς
1451 1200 1536 1238 φησι
1556 1183 1766 1236 Φιλόχορος.

1301 1249 1375 1283 Pro
1393 1243 1581 1290 Ἀθηναίων
1599 1241 1845 1280 scribendum
1863 1253 1944 1278 esse
1961 1239 2106 1286 Ἀθηνᾶς
2118 1245 2279 1289 apparet

1249 1317 1296 1341 ex
1325 1301 1520 1353 Hesychio
1539 1315 1574 1339 v.
1595 1297 1797 1353 Ἄγλαυρος.

1740 1370 1799 1407 15.

1303 1431 1478 1471 Mam-ob.
1496 1433 1573 1470 Sat.
1602 1433 1674 1478 ΙΙΙ,
1689 1430 1733 1467 8:
1749 1430 1904 1478 Signum
1926 1429 2078 1464 Veneris
2095 1434 2152 1463 est
2170 1425 2284 1474 Cypri

1253 1491 1447 1529 barbatum
1464 1503 1625 1540 corpore,
1646 1491 1713 1526 secl
1741 1496 1842 1525 veste
1857 1485 2028 1523 muliebri
2047 1498 2127 1521 cum
2144 1493 2283 1533 seeptro

1251 1566 1297 1589 ac
1310 1560 1451 1588 statura
1470 1552 1583 1586 virili.
1601 1550 1803 1598 Etputant,
1829 1547 1986 1582 eandem
2006 1557 2146 1581 marem
2161 1542 2282 1590 acse-

1252 1615 1392 1648 minam
1417 1622 1507 1646 esse.
1530 1607 1797 1657 Aristophanes
1821 1618 1904 1642 eam
1923 1601 2124 1657 Ἀφρόδιτον
2147 1603 2283 1652 appel-

1254 1673 1317 1706 lat.
1333 1671 1504 1706 Loeoinus
1517 1670 1627 1703 etiam
1642 1669 1693 1702 sic
1712 1668 1767 1701 ait
1779 1678 1791 1699 :
1816 1666 1996 1700 Venerem
2011 1666 2124 1712 igitur
2143 1663 2284 1698 almum

1254 1730 1431 1771 adorans,
1453 1729 1525 1762 sive
1544 1724 1698 1772 femina
1718 1727 1790 1760 sive
1822 1736 1904 1759 mas
1935 1731 2002 1766 est,
2032 1725 2084 1757 ita
2109 1724 2162 1757 uti
2183 1722 2286 1756 alma

1254 1788 1431 1823 noctiluca
1450 1793 1513 1820 est.
1533 1782 1772 1820 Philochorus
1790 1794 1933 1830 quoque
1964 1784 2000 1815 in
2027 1779 2175 1815 Atthide
2199 1791 2288 1814 ean-

1256 1847 1338 1881 (lem
1356 1843 1530 1892 affirmat
1547 1855 1624 1878 esse
1646 1844 1787 1885 lunam,
1810 1849 1848 1876 et
1864 1843 1899 1875 ei
1926 1839 2144 1887 sacrficium
2153 1836 2289 1884 facere

1254 1908 1354 1941 viros
1386 1915 1466 1938 cum
1501 1909 1604 1938 veste
1631 1898 1814 1943 muliebri,
1850 1900 2022 1934 mulieres
2057 1909 2138 1932 cum
2171 1899 2287 1943 virili,

1256 1964 1355 2012 quod
1368 1963 1497 1998 eadem
1516 1970 1553 1996 et
1563 1972 1645 1996 mas
1657 1962 1892 1996 eoeistimatur
1907 1966 1944 1993 et
1949 1956 2115 2005 femina.

1310 2019 1481 2059 Adnotat
1497 2018 1675 2065 Lenzius,
1697 2017 1970 2054 Philochorum
1988 2014 2036 2052 ad
2057 2017 2229 2064 Cyprum
2255 2020 2292 2050 et

1257 2083 1444 2118 Venerem
1462 2077 1516 2114 ibi
1532 2077 1673 2114 cultam
1688 2076 1896 2113 declinasse
1913 2073 2052 2121 videri,
2069 2071 2138 2110 ubi
2153 2071 2200 2109 de
2221 2074 2292 2109 Ce-

1259 2138 1388 2189 cropis
1421 2136 1570 2174 filiabus
1608 2148 1826 2174 sermonem
1860 2134 1994 2171 fecerit
2023 2146 2032 2168 ε
2064 2132 2104 2169 in
2134 2130 2293 2181 Agrauli

1260 2197 1362 2234 enim
1387 2195 1573 2232 honorem
1598 2194 1770 2231 victimas
1795 2193 1980 2230 humanas
2003 2190 2192 2229 Salamine
2215 2190 2293 2238 Cy-

1260 2255 1322 2306 pri
1350 2254 1566 2291 immolatas
1593 2266 1674 2290 esse
1696 2252 1789 2298 dici3
1810 2259 1926 2302 atque
1946 2263 2066 2288 unum
2086 2261 2133 2286 ex
2155 2249 2295 2284 Herses

1261 2313 1425 2365 posteris
1461 2312 1634 2363 Paphum
1670 2310 1890 2349 condidisse
1921 2309 2165 2358 Adonimque
2195 2318 2292 2356 pro-

1262 2386 1419 2410 creasse.

1757 2436 1816 2474 16.

1318 2492 1499 2543 Stephan.
1519 2494 1607 2541 Byz.
1630 2505 1639 2528 :
1657 2488 1788 2543 Ἄρειος
1810 2488 1933 2539 πάγος,
1953 2484 2169 2539 ἀκρωτήριον
2190 2480 2297 2528 Ἀθή-

1264 2566 1378 2599 νησιν,
1398 2552 1445 2593 ὥς
1464 2547 1723 2601 Ἀπολλόδωρος
1744 2549 1778 2586 ἐν
1812 2549 1862 2599 τῷ
1880 2545 1960 2598 περὶ
1983 2546 2068 2583 θεῶν
2093 2542 2241 2596 ἐννάτῳ,
2260 2540 2296 2578 ἐν

1276 2622 2280 2634 -———————-....——-

1263 2660 1296 2692 in
1312 2660 1457 2692 medium
1485 2659 1642 2700 projicere
1657 2657 1796 2698 indeque
1812 2656 2013 2697 cognovisse,
2030 2663 2143 2687 eorum
2165 2661 2237 2686 esse
2251 2654 2298 2686 vi·
2319 2678 2320 2681 η

1264 2707 1344 2748 giuti
1358 2707 1480 2740 millia:
1498 2708 1666 2747 propterea
1681 2713 1700 2736 a
1720 2706 1864 2744 Cecrope
1893 2702 2030 2744 populos
2065 2702 2199 2733 vocatos
2228 2708 2299 2734 esse

1265 2754 1356 2790 λαούς
1374 2752 1549 2794 (lapides).
2318 2746 2320 2750 ’

1752 2810 1766 2841 1
1776 2810 1811 2841 4.

1309 2869 1466 2911 Agl-aulos
1481 2893 1490 2909 ,
1516 2870 1617 2900 Herse
1635 2869 1668 2899 et
1700 2866 1885 2898 Pandrosos
1911 2865 1985 2897 filiae
2005 2863 2177 2905 cecropis,
2202 2864 2238 2896 ut
2255 2855 2320 2896 ait!

1269 2918 1502 2957 Philochorus;
1519 2916 1612 2948 aiunt
1630 2923 1723 2950 vero,
1744 2922 1846 2954 quum
1870 2913 1955 2944 bello
1971 2913 2189 2952 affligerentur
2204 2911 2299 2944 Athe-

1269 2965 1408 3003 nienses,
1420 2964 1502 2995 sacta
1517 2962 1556 2994 ab
1572 2961 1730 3001 Eumolpo
1741 2962 1852 2992 contra
1863 2959 2076 2991 Erechtheum
2085 2957 2299 2998 expeditione,
2313 2980 2320 2994 ,-

1270 3013 1367 3053 idque
1381 3012 1576 3049 traheretur,
1589 3008 1769 3049 Apollinem
1787 3007 1991 3048 praedicasse,
2008 3006 2129 3037 bellum
2144 3000 2320 3045 composi·

1271 3063 1341 3092 tum
1358 3059 1409 3099 iri,
1428 3058 1455 3090 si
1472 3057 1545 3098 quis
1570 3065 1628 3097 pro
1643 3054 1785 3086 civitatis
1800 3054 1905 3085 salute
1922 3062 1956 3085 se
1981 3053 2049 3093 ipse
2070 3051 2302 3084 interfecturus
2314 3062 2320 3091 ⁴:

1272 3109 1376 3145 esset;
1408 3105 1561 3145 Agraulos
1585 3107 1655 3135 tum
1675 3101 1772 3133 morti
1789 3101 1902 3132 volens
1919 3109 1953 3132 se
1969 3100 2120 3138 tradidit3
2144 3099 2186 3131 de
2207 3099 2320 3131 muro?-

1273 3154 1357 3186 enim
1381 3152 1580 3193 praecipitem
1610 3159 1645 3182 se
1673 3149 1771 3181 dedit.
1790 3150 1896 3185 Quare
1913 3150 2035 3188 postea,
2060 3146 2144 3178 bello
2174 3139 2320 3188 sedato,j

1274 3201 1431 3242 templum
1445 3199 1474 3231 ei
1492 3198 1722 3231 exstruxerunt
1739 3205 1838 3237 prope
1852 3195 1934 3227 arcis
1951 3194 2128 3235 propylaea.
2300 3189 2320 3230 ’Ξ

1317 3247 1473 3288 Agraulos
1500 3246 1560 3278 suit
1578 3244 1732 3277 Minervae
1759 3242 1909 3274 sacerdos
1922 3266 1930 3282 ‚
1949 3243 1985 3273 ut
2001 3242 2047 3273 ait
2062 3240 2283 3273 Philochorus.
2311 3236 2320 3282 ’ζ

1320 3369 1502 3407 Areopagus
1516 3387 1525 3404 ,
1543 3362 1633 3395 collis
1654 3363 1686 3394 in
1703 3309 1900 3394 Atuizgarum
1924 3359 2019 3400 urbe,
2037 3359 2075 3391 ut
2090 3334 2320 3399 Apollodorus(-
