2294 3704
71 180 115 208 vt

212 263 317 286 ⁸.me
333 263 502 286 REYNIANA.

274 317 337 350 ἀπὸ
360 317 483 350 πάντων
499 319 562 349 τῶν
590 317 621 348 ἐν
664 315 745 347 ’ἀπὸ
764 314 888 347 πάντων
903 315 937 346 δὲ
955 315 1010 347 δύο
1032 317 1095 347 τῶν

315 365 365 402 νηῒ
377 365 431 397 δύο
710 361 742 392 ἐν
757 362 807 398 νηῒ

73 412 102 451 5,
145 411 176 449 9,
219 412 250 440 6.
273 411 420 452 Μύγδονα
660 406 811 448 Μυγάονα

70 460 102 494 5,
147 457 179 497 9,
223 457 253 488 7.
277 456 462 499 ἁρπάζουσιν
661 452 911 496 *ἀφαρπάζουσιν

274 505 326 535 καὶ
352 504 464 536 δώσειν
491 503 543 534 τὸν
565 504 620 539 ζω-

274 554 371 592 στῆρα
385 551 554 590 ὑπισχνου-

278 597 368 637 μένης

275 643 310 675 ἐκ
325 642 415 674 δόλου
663 639 712 672 sic
734 639 808 671 cod.

273 689 321 721 ἐπ’
333 688 434 727 ἠϊόνος
662 686 731 718 *ἐπὶ
749 690 803 725 τῆς
817 685 919 725 ἠϊόνος

68 739 98 776 5,
143 738 175 776 9,
202 737 250 766 12.
274 736 292 767 ό
307 735 382 772 Ζεὺς
662 733 757 770 *Ζεὺς

66 785 98 823 5,
141 783 173 823 9,
199 783 246 813 13.
270 782 397 819 Αἷνίαςα
664 780 784 817 Αἰνείας

66 831 97 869 5,
124 829 172 868 10,
218 832 246 860 1.
269 827 362 869 ἐτάγη
663 826 814 867 *ἐπετάγη

66 877 97 915 5,
124 876 172 916 10,
217 874 246 906 4.
271 874 350 916 ὅρων
662 874 762 915 *ὀρῶν

67 924 95 962 5,
122 923 171 962 10,
216 922 246 952 7.
269 921 431 958 Μενοίτιος
661 921 833 959 *Μενοίτης

269 969 323 1000 καὶ
344 968 492 1005 τοξευθεὶς
663 967 830 1005 *τοξευθεὶς

65 1017 98 1055 5,
123 1015 172 1054 10,
217 1016 247 1044 9.
271 1015 390 1055 Λιγύην
660 1014 780 1053 Λιὸύην

66 1063 96 1102 5,
121 1063 172 1102 10,
200 1062 248 1093 11.
271 1061 396 1093 ἀπαιτεῖ
412 1062 466 1093 καὶ
655 1060 784 1092 absunt.

65 1111 96 1148 5,
121 1110 170 1148 10,
197 1109 245 1139 12.
268 1108 322 1145 τὰς
335 1107 458 1150 Θρᾴκης
664 1107 735 1144 *τὰς
749 1111 802 1146 τῆς
823 1107 944 1149 Θρᾴκης

270 1154 344 1195 ἦγεν
662 1155 798 1195 *ἤγαγεν

65 1203 96 1242 5,
122 1203 172 1242 11,
220 1203 248 1233 1.
272 1202 315 1233 ἑνὶ
332 1203 404 1242 μηνὶ
527 1242 529 1244 q
663 1200 694 1232 ἐν
711 1212 744 1241 μ.

71 1274 75 1279 .
270 1249 431 1291 Ἀρέθουσα
664 1247 851 1289 *Ἐρέθουσα

65 1299 96 1337 5,
123 1297 154 1327 11
161 1319 171 1336 ,
218 1296 248 1326 3.
271 1295 418 1327 σπεύσων
663 1294 802 1335 *φεύγων

63 1343 96 1382 5,
121 1343 170 1382 11,
213 1344 244 1372 6.
267 1341 471 1384 ἰσχυρότατον
664 1341 879 1384 *ἰσχυρότερον

271 1388 384 1426 συνέὸη
663 1387 842 1419 *συνέὸαινε

64 1438 96 1476 5,
120 1437 170 1477 11,
215 1436 246 1467 8.
268 1435 442 1467 παύσεσθαι
662 1434 858 1467 *παύσασθαι

65 1484 98 1519 5,
126 1483 175 1522 11,
200 1483 249 1512 10.
271 1481 373 1518 Ἀσίας
664 1481 786 1512 *Ἀσίαν

270 1528 399 1560 Ῥοδίων
662 1527 814 1559 *Λινδίων

65 1574 96 1615 5,
124 1575 173 1615 11,
198 1575 248 1606 12.
271 1574 442 1606 Καυκάσου
661 1574 847 1606 Καυκασίου

65 1622 97 1662 5,
122 1622 172 1661 12,
215 1622 246 1653 2.
269 1622 312 1658 εἷς
325 1622 488 1653 Ἐλευσῖνα
662 1620 737 1662 πρὸς
753 1621 915 1653 Ἐλευσῖνα

272 1668 355 1705 θετός
662 1667 791 1704 Θέστιος

65 1717 98 1755 5,
124 1716 173 1755 12,
219 1718 250 1748 3.
274 1715 380 1756 κατῄει
665 1713 758 1755 ἀπῄει

66 1763 97 1801 5,
124 1762 172 1802 12,
216 1761 248 1793 4.
270 1761 359 1793 κενὸν
666 1759 714 1791 sic
728 1759 801 1791 cod.

66 1810 98 1848 5,
123 1809 173 1849 12,
217 1808 248 1838 7.
271 1807 431 1844 Μενοίτιος
661 1806 830 1847 *Μενοίτης

272 1855 480 1896 Κευθωνύμου
663 1854 872 1896 σκυθωνίμου.

67 1902 97 1941 5,
124 1901 174 1942 12,
218 1901 250 1932 9.
274 1901 354 1934 ὦτον
664 1900 734 1932 ὄνον

65 1947 98 1986 6,
143 1948 173 1987 1,
217 1949 246 1979 2.
270 1947 377 1989 τοξικῇ
660 1945 783 1984 τοξικήν

67 1994 98 2033 7,
143 1994 174 2034 7,
219 1996 249 2024 2.
272 1994 346 2034 ἧκεν
661 1992 751 2032 ἦλθεν

68 2042 101 2080 7,
145 2042 177 2081 7,
220 2042 251 2073 3.
274 2041 352 2082 μετὰ
368 2043 431 2073 τῶν
446 2041 546 2073 ἄλλων
665 2040 761 2081 *μετὰ
771 2038 825 2070 καὶ
840 2038 941 2071 ἄλλων

68 2088 100 2128 7,
145 2088 177 2129 7,
220 2087 251 2118 4.
275 2087 389 2120 Ἰτωνα
665 2086 811 2118 *Ἴτωνον

68 2135 99 2174 7,
144 2135 176 2174 7,
220 2134 251 2166 5.
273 2135 434 2177 Ὀρμένιον
669 2132 854 2174 Ὀρχόμενον

69 2183 100 2221 7,
143 2182 175 2222 7,
222 2184 252 2212 6.
276 2182 334 2214 οὐκ
350 2181 398 2213 εἶα
666 2180 752 2221 *μεθ’
769 2179 873 2211 ὅπλων
888 2180 946 2212 οὐκ
961 2179 1011 2212 ε’ία

68 2228 99 2268 7,
144 2229 175 2269 7,
221 2229 251 2260 7.
274 2229 474 2270 συνήθροισεν
661 2226 878 2269 *συνήθροιζεν

69 2275 101 2311 7,
147 2275 180 2315 7,
204 2276 253 2306 10.
278 2274 407 2317 (Λίχαν)
668 2273 721 2305 τὸν
736 2274 851 2311 Κήυκα

70 2322 101 2363 7,
145 2322 177 2363 7,
203 2323 252 2354 11.
274 2325 339 2354 τοῖν
354 2322 460 2354 ποδοῖν
667 2320 747 2352 *τῶν
759 2319 863 2352 ποδῶν

657 554 722 578 non
736 545 854 579 desunt
861 546 895 578 in
903 548 1011 578 nostro
1021 546 1093 578 cod.

936 165 1222 207 PRAEFATIO.
1289 203 1291 205 .

713 261 816 284 connx
831 260 932 283 mnus.
957 255 1050 284 2722.

1297 263 1402 291 mimo
1416 265 1585 291 flammu-

1798 271 1901 295 connx
1915 272 2019 296 mnis.
2041 267 2133 297 2722,

1359 320 1579 358 κατηκόντισεν
1748 325 1968 364 κατηκόντισεν
2018 327 2082 360 ἀπὸ
2122 333 2177 369 τῆς

1788 373 1939 411 Βοιωτίας

1154 409 1185 449 7,
1227 410 1258 451 7,
1285 412 1333 443 13.
1355 414 1412 452 τὴν
1425 414 1524 454 Ἰόλην
1751 418 1869 458 *Ἰόλην

1358 459 1517 493 ἐκέλευσεν
1746 465 1902 499 *ἐκέλευεν

1155 505 1186 545 7,
1229 506 1260 545 8,
1308 508 1336 539 1.
1359 509 1512 550 Εὐμείδης
1748 515 1912 555 *Εὐμήδης

1154 552 1186 591 7,
1229 554 1261 593 8,
1307 556 1335 585 2.
1358 555 1535 594 Ἐπιλάϊδος
1748 561 1892 599 Ἐπίλαος

1360 602 1542 642 Κλυθίππης
1748 608 1932 647 Κλύτοππος

1155 645 1184 685 7,
1230 646 1262 686 8,
1306 648 1336 679 4.
1360 648 1532 690 Ὄλυμπος·
1549 651 1646 690 Νίκης
1749 653 1980 696 Ὀλυμπούσης·

1360 695 1483 735 Ἐξόλης
1750 700 1877 739 Ἔξολος

1361 741 1528 782 Ἃντιώπης
1749 747 1907 787 Ἀντιώτ-ης

1154 784 1185 825 7,
1229 786 1263 827 8,
1307 788 1338 818 5.
1361 787 1533 830 Ἀρχέδικος
1748 793 1926 836 Ἀρχοδίκου

1155 832 1185 872 7,
1230 832 1262 874 8,
1306 836 1337 866 6.
1361 835 1529 877 Ἡσυχείης
1750 840 1930 882 Ἡσιοχείης

1360 883 1485 925 Εὐρύοψ
1752 887 1914 930 Εὐρυόπης

1154 926 1186 966 7,
1231 927 1262 967 8,
1304 928 1335 959 9.
1358 930 1463 967 Δηΐων
1751 932 1852 966 deest.

1155 975 1186 1014 8,
1230 977 1261 1014 2,
1305 979 1336 1007 2.
1359 976 1408 1008 ἐπ’
1423 977 1563 1011 ἐνιαυτοῦ
1749 981 1890 1014 ἐνιαυτοῦ

1359 1023 1452 1063 ἦλθον
1748 1027 1944 1071 ἀνεχώρησαν

1155 1069 1185 1107 8,
1231 1070 1262 1109 2,
1303 1070 1334 1100 4.
1357 1071 1438 1103 κατὰ
1467 1073 1522 1111 τὴν
1556 1075 1609 1104 τοῦ
1751 1075 1799 1106 sie
1815 1075 1887 1107 cod.

1155 1117 1185 1156 8,
1231 1118 1261 1156 2,
1305 1117 1335 1148 7.
1359 1119 1523 1162 στενυγρὰν
1537 1121 1592 1159 τὴν
1749 1123 1934 1165 στενύστραν
1947 1123 1999 1156 τὸν
2011 1125 2067 1164 τὴν
2079 1124 2126 1167 (2)

1360 1164 1461 1206 ἔχοντι
1752 1168 1879 1210 *ἔχοντα

1576 1233 1700 1265 LIBER
1722 1234 1780 1265 ΠΙ.

1155 1296 1186 1334 6,
1230 1293 1262 1333 5,
1308 1295 1337 1324 2.
1361 1293 1492 1325 ἀπιόντα
1758 1296 1806 1328 sic
1826 1298 1898 1330 cod.

1154 1343 1186 1381 6,
1230 1342 1262 1381 6,
1309 1340 1336 1371 1.
1359 1340 1525 1381 Ὀγκαΐδας
1751 1344 1929 1385 Ὀχνηΐδας’

1153 1388 1185 1428 6,
1232 1389 1263 1428 6,
1307 1388 1338 1417 2.
1359 1386 1447 1423 ’ίσους
1463 1387 1544 1424 ἴσοις
1751 1390 1799 1422 sic
1811 1391 1884 1423 cod.

1154 1436 1187 1475 6,
1230 1435 1261 1475 7,
1310 1434 1337 1465 1.
1359 1435 1531 1476 Χαρικλοῦς
1752 1439 1940 1479 Χαρικλέους

1154 1482 1187 1522 7,
1232 1482 1262 1522 1,
1308 1482 1336 1512 1.
1358 1481 1454 1519 αὐτὴν
1478 1484 1524 1523 τῷ
1550 1483 1635 1524 τάφῳ
1651 1485 1706 1520 ζῶ·
1749 1484 1865 1517 *αὐτοῦ
1877 1485 1949 1524 (nisi
1970 1489 2076 1528 potius
2086 1491 2184 1533 αὐτῷ,

1401 1538 1459 1559 σαν
1787 1532 1959 1573 scripturae
2034 1545 2184 1579 compen-

1360 1574 1514 1617 ἑκρύψατο
1789 1578 1881 1610 dium
1916 1580 2115 1625 obscurius)
2137 1587 2183 1626 τῷ

1790 1625 1877 1666 τάφῳ
1892 1629 1977 1663 ζῶσα
1992 1629 2135 1671 ἐκρύφθη.

1157 1669 1207 1709 10,
1229 1669 1262 1708 3,
1306 1668 1335 1698 8.
1358 1669 1403 1708 τῷ
1415 1666 1545 1700 Ἐλάτου
1561 1670 1621 1710 υἱῷ
1753 1670 1826 1703 *τοῦ
1839 1673 1990 1712 Κλεινέως
2011 1675 2132 1719 ἀδελφῷ

1158 1716 1207 1755 10,
1230 1716 1262 1755 7,
1308 1715 1337 1744 1.
1360 1714 1395 1745 ἐκ
1410 1714 1482 1751 Διὸς
1752 1718 1824 1754 Διὸς

1157 1763 1207 1802 10,
1231 1762 1262 1802 7,
1306 1763 1336 1793 4.
1360 1762 1402 1798 εἰς
1423 1761 1546 1799 Ἀθήνας
1566 1762 1568 1764 ’
1755 1764 1816 1801 11”εἰς
1831 1765 1966 1806 Ἀφίθνας
1986 1767 2087 1808 (quod
2107 1778 2186 1803 vero

1793 1822 1814 1845 a
1845 1815 1988 1847 secunda
2019 1825 2119 1850 manu
2151 1818 2186 1850 in

1790 1860 1914 1899 Ἀθήνας
1932 1865 2095 1896 mutatum
2106 1865 2184 1906 est.)

1158 1908 1207 1947 12,
1230 1907 1262 1946 3,
1304 1907 1335 1938 9⁷.
1359 1906 1447 1945 Ἄτης
1753 1908 1866 1947 *αὐτῆς

1158 1956 1207 1994 12,
1231 1958 1262 1994 6,
1307 1955 1337 1984 8.
1360 1954 1507 1996 Κυχρέως
1748 1955 1796 1987 sic
1810 1955 1882 1988 cod.

1159 2003 1208 2040 13,
1231 2002 1262 2040 5,
1308 2001 1337 2032 1.
1360 2001 1490 2041 Θέμιδος
1749 2001 1796 2033 sic
1812 2002 1884 2035 cod.

1160 2048 1208 2087 13,
1231 2047 1262 2089 5,
1306 2047 1337 2079 4.
1359 2048 1502 2089 κατέχειν

1749 2050 1804 2081 καὶ
1816 2054 1997 2092 κατασχεῖν.

1198 2129 1245 2170 (2)
1268 2130 1303 2159 C.
1321 2130 1358 2159 O.
1382 2129 1508 2160 Miiller.
1535 2129 1610 2159 Dor.
1627 2131 1641 2159 1
1653 2156 1661 2170 ‚
1681 2140 1714 2170 p.
1728 2130 1779 2172 57,
1805 2133 1981 2174 trimetros,
1996 2144 2075 2174 quo·
2091 2134 2184 2167 facile

1157 2187 1326 2217 agnoscere
1345 2177 1429 2218 licet,
1440 2177 1524 2206 hunc
1537 2177 1570 2206 ln
1583 2177 1709 2206 modum
1723 2179 1890 2209 restaurari
1909 2180 1995 2211 vult:

1300 2228 1406 2269 γενεὰς
1420 2228 1489 2271 γὰρ,
1508 2229 1545 2260 οὐ
1560 2232 1615 2269 γῆς
1628 2229 1746 2271 καρπὸν
1760 2231 1877 2267 ἐξεῖπον
1894 2232 1995 2275 τρίτον

1302 2275 1355 2306 καὶ
1371 2275 1426 2313 τὴν
1439 2275 1606 2317 στενυγρὰν
1619 2275 1659 2308 αὖ
1676 2275 1728 2308 τὸν
1746 2278 1954 2322 εὐρυγάστορα

1303 2340 1344 2347 —
1358 2321 1471 2363 ἔχοντα
1483 2322 1565 2354 κατὰ
1579 2322 1635 2354 τὸν
1655 2323 1779 2366 Ἰσθμὸν
1791 2325 1902 2362 δεξιάν.

135 2477 361 2519 Praeterea
372 2471 522 2530 Galei‚
534 2470 721 2533 Heynii,
734 2471 972 2516 Sommeri
998 2468 1236 2516 editiones
1258 2486 1354 2534 qua
1364 2487 1451 2534 par
1468 2481 1539 2517 est
1550 2470 1801 2534 diligentia
1826 2473 2160 2522 consuluimus
2171 2511 2181 2521 .

72 2555 382 2617 Conjecturas
408 2569 601 2617 perraro
629 2552 854 2598 codicum
881 2552 1078 2598 lectioni
1100 2551 1390 2619 substituere
1410 2554 1571 2600 conati
1595 2570 1788 2612 sumus,
1813 2554 1926 2600 satis
1950 2554 2183 2603 habentes

73 2655 150 2684 eas
176 2637 367 2684 uncinis
388 2636 441 2700 ()
473 2635 684 2682 inclusas
708 2635 759 2681 in
782 2634 902 2680 locis
932 2644 1094 2698 aperte
1119 2635 1359 2698 corruptis
1378 2636 1736 2699 interposuisse.
1757 2636 1988 2682 Similiter
2005 2653 2110 2700 quae
2128 2654 2184 2684 ex

76 2704 286 2782 margine
318 2719 393 2765 vel
435 2716 628 2764 aliunde
664 2717 714 2763 in
748 2716 973 2763 ordinem
1018 2716 1279 2763 verborum
1319 2717 1565 2780 irrepsisse
1607 2717 1862 2776 videntur,
1900 2719 2039 2765 uncis
2070 2735 2186 2782 qua·

75 2802 221 2848 dratis
253 2800 306 2865 []
331 2801 557 2847 distincta
582 2810 713 2846 sunt.
746 2802 800 2845 In
827 2799 1102 2861 fragmentis
1131 2799 1431 2863 reliquorum
1468 2816 1672 2863 operum
1702 2799 2012 2863 Apollodori,
2036 2818 2183 2865 quam

75 2883 288 2947 Heynius
327 2882 526 2928 liberius
560 2882 611 2927 in
651 2880 728 2927 his
763 2891 975 2928 versatus
1011 2881 1382 2929 adornationem
1427 2881 1560 2928 dedit
1603 2882 1861 2928 debuimus
1896 2883 2180 2946 relinquere.

75 2964 314 3011 Chronica
354 2963 415 3009 ad
446 2974 721 3027 temporum
753 2963 996 3022 ordinem,
1034 2964 1235 3010 Navium
1275 2964 1552 3026 Catalogum
1574 2963 1635 3009 ad
1659 2963 1898 3010 librorum
1929 2965 2099 3010 seriem
2135 2974 2182 3011 et

76 3062 268 3093 carmen
304 3045 615 3091 Homericum
651 3045 994 3092 revocavimus.
1030 3045 1273 3091 Nonnulla
1296 3044 1459 3091 addita
1488 3054 1603 3090 sunt
1643 3060 1790 3103 nova,
1824 3045 1961 3107 plura
1990 3045 2180 3108 plenius

77 3127 303 3176 exhibita.

140 3208 370 3257 Antiochi
390 3208 652 3270 fragmenta
669 3245 681 3264 ,
702 3225 809 3271 quae
845 3209 1079 3255 Goellerus
1114 3208 1315 3254 nonnisi
1341 3207 1657 3265 indicaverat,
1685 3207 1897 3269 primurn
1916 3206 1997 3253 hic
2021 3223 2076 3253 ex
2099 3223 2180 3254 au-

78 3292 294 3339 ctoribus
325 3290 558 3353 exscripta
593 3290 828 3352 leguntur.
863 3295 917 3337 In
965 3290 1167 3337 Philisto
1219 3290 1507 3336 Goelleriana
1551 3289 1868 3351 reliquiarum
1915 3289 2172 3352 dispositio
