<?xml version="1.0" encoding="UTF-8"?>
<!DOCTYPE html PUBLIC "-//W3C//DTD XHTML 1.0 Transitional//EN"
    "http://www.w3.org/TR/xhtml1/DTD/xhtml1-transitional.dtd">
<html xmlns="http://www.w3.org/1999/xhtml" xml:lang="en" lang="en">
 <head>
  <title>
</title>
<meta http-equiv="Content-Type" content="text/html;charset=utf-8" />
  <meta name='ocr-system' content='tesseract 3.04.00' />
  <meta name='ocr-capabilities' content='ocr_page ocr_carea ocr_par ocr_line ocrx_word'/>
</head>
<body>
  <div class='ocr_page' id='page_1' title='image "./fragmentahistori01mueluoft_0075.png"; bbox 0 0 2294 3704; ppageno 0'>
   <div class='ocr_carea' id='block_1_1' title="bbox 938 134 1363 176">
    <p class='ocr_par' dir='ltr' id='par_1_1' title="bbox 938 134 1363 176">
     <span class='ocr_line' id='line_1_1' title="bbox 938 134 1363 176; baseline 0.014 -5"><span class='ocrx_word' id='word_1_1' title='bbox 938 134 1005 171; x_wconf 84' lang='lat' dir='ltr'>DE</span> <span class='ocrx_word' id='word_1_2' title='bbox 1033 135 1363 176; x_wconf 89' lang='lat' dir='ltr'>THEOPOMPO.</span> 
     </span>
    </p>
   </div>
   <div class='ocr_carea' id='block_1_2' title="bbox 79 212 1111 804">
    <p class='ocr_par' dir='ltr' id='par_1_2' title="bbox 79 212 1111 804">
     <span class='ocr_line' id='line_1_2' title="bbox 83 212 1108 273; baseline 0.001 -15"><span class='ocrx_word' id='word_1_3' title='bbox 83 212 154 258; x_wconf 71' lang='grc' dir='ltr'>οἷον</span> <span class='ocrx_word' id='word_1_4' title='bbox 168 219 403 266; x_wconf 65' lang='grc' dir='ltr'>Θουκυδίδου,</span> <span class='ocrx_word' id='word_1_5' title='bbox 419 217 627 272; x_wconf 86' lang='grc' dir='ltr'>Ἡροδότου,</span> <span class='ocrx_word' id='word_1_6' title='bbox 642 216 835 256; x_wconf 89' lang='grc' dir='ltr'>Ἑκαταίου</span> <span class='ocrx_word' id='word_1_7' title='bbox 847 248 857 266; x_wconf 87' lang='grc'>,</span> <span class='ocrx_word' id='word_1_8' title='bbox 872 218 1108 273; x_wconf 76' lang='grc' dir='ltr'>Ξενοφῶντος,</span> 
     </span>
     <span class='ocr_line' id='line_1_3' title="bbox 82 277 1109 328; baseline -0.002 -9"><span class='ocrx_word' id='word_1_9' title='bbox 82 281 152 319; x_wconf 82' lang='grc' dir='ltr'>τῶν</span> <span class='ocrx_word' id='word_1_10' title='bbox 167 280 314 318; x_wconf 84' lang='grc' dir='ltr'>λοιπῶν.</span> <span class='ocrx_word' id='word_1_11' title='bbox 332 278 450 316; x_wconf 87' lang='lat' dir='ltr'>Duris</span> <span class='ocrx_word' id='word_1_12' title='bbox 468 279 620 318; x_wconf 89' lang='lat' dir='ltr'>Samius</span> <span class='ocrx_word' id='word_1_13' title='bbox 646 277 751 328; x_wconf 88' lang='lat' dir='ltr'>apud</span> <span class='ocrx_word' id='word_1_14' title='bbox 774 277 884 315; x_wconf 85' lang='lat' dir='ltr'>Phot.</span> <span class='ocrx_word' id='word_1_15' title='bbox 909 279 993 317; x_wconf 91' lang='lat' dir='ltr'>cod.</span> <span class='ocrx_word' id='word_1_16' title='bbox 1022 281 1109 328; x_wconf 87' lang='lat'><strong>176,</strong></span> 
     </span>
     <span class='ocr_line' id='line_1_4' title="bbox 84 334 1110 391; baseline 0 -15"><span class='ocrx_word' id='word_1_17' title='bbox 84 353 122 391; x_wconf 86' lang='lat' dir='ltr'>p.</span> <span class='ocrx_word' id='word_1_18' title='bbox 154 339 227 377; x_wconf 81' lang='lat'>205</span> <span class='ocrx_word' id='word_1_19' title='bbox 247 353 256 376; x_wconf 74' lang='grc' dir='ltr'>ε</span> <span class='ocrx_word' id='word_1_20' title='bbox 276 337 429 391; x_wconf 87' lang='grc' dir='ltr'>Ἔφορος</span> <span class='ocrx_word' id='word_1_21' title='bbox 456 335 492 375; x_wconf 82' lang='grc' dir='ltr'>δὲ</span> <span class='ocrx_word' id='word_1_22' title='bbox 515 336 576 375; x_wconf 74' lang='grc' dir='ltr'>καὶ</span> <span class='ocrx_word' id='word_1_23' title='bbox 603 334 816 386; x_wconf 79' lang='grc' dir='ltr'>Θεόπομπος</span> <span class='ocrx_word' id='word_1_24' title='bbox 842 339 912 375; x_wconf 84' lang='grc' dir='ltr'>τῶν</span> <span class='ocrx_word' id='word_1_25' title='bbox 939 353 1110 391; x_wconf 88' lang='grc' dir='ltr'>προγενο-</span> 
     </span>
     <span class='ocr_line' id='line_1_5' title="bbox 82 394 1111 449; baseline -0.001 -13"><span class='ocrx_word' id='word_1_26' title='bbox 82 396 198 449; x_wconf 81' lang='grc' dir='ltr'>μένων</span> <span class='ocrx_word' id='word_1_27' title='bbox 226 398 391 434; x_wconf 87' lang='grc' dir='ltr'>πλεῖστον</span> <span class='ocrx_word' id='word_1_28' title='bbox 420 394 696 448; x_wconf 79' lang='grc' dir='ltr'>ἀπελείφθησαν·</span> <span class='ocrx_word' id='word_1_29' title='bbox 730 394 807 433; x_wconf 85' lang='grc' dir='ltr'>οὔτε</span> <span class='ocrx_word' id='word_1_30' title='bbox 835 394 904 449; x_wconf 82' lang='grc' dir='ltr'>γὰρ</span> <span class='ocrx_word' id='word_1_31' title='bbox 928 397 1111 447; x_wconf 81' lang='grc' dir='ltr'>μιμήσεως</span> 
     </span>
     <span class='ocr_line' id='line_1_6' title="bbox 83 452 1109 509; baseline -0.003 -13"><span class='ocrx_word' id='word_1_32' title='bbox 83 455 276 508; x_wconf 77' lang='grc' dir='ltr'>μετέλαὸον</span> <span class='ocrx_word' id='word_1_33' title='bbox 310 452 472 503; x_wconf 81' lang='grc' dir='ltr'>οὗδεμίας</span> <span class='ocrx_word' id='word_1_34' title='bbox 490 484 501 503; x_wconf 90' lang='grc'>,</span> <span class='ocrx_word' id='word_1_35' title='bbox 533 453 611 492; x_wconf 89' lang='grc' dir='ltr'>οὔτε</span> <span class='ocrx_word' id='word_1_36' title='bbox 645 455 770 501; x_wconf 77' lang='grc' dir='ltr'>ἡδονῆς</span> <span class='ocrx_word' id='word_1_37' title='bbox 800 455 836 492; x_wconf 84' lang='grc' dir='ltr'>ἐν</span> <span class='ocrx_word' id='word_1_38' title='bbox 869 457 922 508; x_wconf 85' lang='grc' dir='ltr'>τῷ</span> <span class='ocrx_word' id='word_1_39' title='bbox 953 455 1109 509; x_wconf 78' lang='grc' dir='ltr'>φράσαι,</span> 
     </span>
     <span class='ocr_line' id='line_1_7' title="bbox 82 512 1107 566; baseline -0.002 -11"><span class='ocrx_word' id='word_1_40' title='bbox 82 517 186 556; x_wconf 75' lang='grc' dir='ltr'>αὐτοῦ</span> <span class='ocrx_word' id='word_1_41' title='bbox 210 513 248 552; x_wconf 80' lang='grc' dir='ltr'>δὲ</span> <span class='ocrx_word' id='word_1_42' title='bbox 269 516 330 551; x_wconf 80' lang='grc' dir='ltr'>τοῦ</span> <span class='ocrx_word' id='word_1_43' title='bbox 357 512 502 566; x_wconf 80' lang='grc' dir='ltr'>γράφειν</span> <span class='ocrx_word' id='word_1_44' title='bbox 527 512 631 565; x_wconf 80' lang='grc' dir='ltr'>μόνον</span> <span class='ocrx_word' id='word_1_45' title='bbox 661 512 942 564; x_wconf 78' lang='grc' dir='ltr'>ἐπεμελήθησαν.</span> <span class='ocrx_word' id='word_1_46' title='bbox 973 515 1107 553; x_wconf 88' lang='lat' dir='ltr'>Philo-</span> 
     </span>
     <span class='ocr_line' id='line_1_8' title="bbox 80 573 1110 626; baseline -0.001 -12"><span class='ocrx_word' id='word_1_47' title='bbox 80 583 222 614; x_wconf 79' lang='lat' dir='ltr'><strong>stratus</strong></span> <span class='ocrx_word' id='word_1_48' title='bbox 252 573 328 611; x_wconf 90' lang='lat' dir='ltr'>Vit.</span> <span class='ocrx_word' id='word_1_49' title='bbox 378 573 497 624; x_wconf 87' lang='lat' dir='ltr'>Soph.</span> <span class='ocrx_word' id='word_1_50' title='bbox 530 577 568 622; x_wconf 90' lang='grc' dir='ltr'>Ι,</span> <span class='ocrx_word' id='word_1_51' title='bbox 607 588 651 622; x_wconf 92' lang='lat'>17</span> <span class='ocrx_word' id='word_1_52' title='bbox 669 602 679 620; x_wconf 92' lang='lat'>‚</span> <span class='ocrx_word' id='word_1_53' title='bbox 714 579 735 618; x_wconf 79' lang='grc'>4</span> <span class='ocrx_word' id='word_1_54' title='bbox 765 589 774 612; x_wconf 88' lang='lat'>:</span> <span class='ocrx_word' id='word_1_55' title='bbox 801 573 1110 626; x_wconf 69' lang='grc' dir='ltr'>Ἰίλλογιμώτατος</span> 
     </span>
     <span class='ocr_line' id='line_1_9' title="bbox 79 633 1107 689; baseline 0 -16"><span class='ocrx_word' id='word_1_56' title='bbox 79 636 200 688; x_wconf 88' lang='lat' dir='ltr'>(inter</span> <span class='ocrx_word' id='word_1_57' title='bbox 230 633 412 672; x_wconf 85' lang='lat' dir='ltr'>Isocratis</span> <span class='ocrx_word' id='word_1_58' title='bbox 439 634 670 686; x_wconf 86' lang='lat' dir='ltr'>discipulos)</span> <span class='ocrx_word' id='word_1_59' title='bbox 705 633 895 688; x_wconf 82' lang='grc' dir='ltr'>Ὑπερίδης</span> <span class='ocrx_word' id='word_1_60' title='bbox 927 637 946 674; x_wconf 85' lang='grc' dir='ltr'><strong>ὁ</strong></span> <span class='ocrx_word' id='word_1_61' title='bbox 979 635 1107 689; x_wconf 82' lang='grc' dir='ltr'>ῥήτωρ.</span> 
     </span>
     <span class='ocr_line' id='line_1_10' title="bbox 79 690 1108 749; baseline 0 -16"><span class='ocrx_word' id='word_1_62' title='bbox 79 692 295 744; x_wconf 82' lang='grc' dir='ltr'>Θεόπομπον</span> <span class='ocrx_word' id='word_1_63' title='bbox 309 691 376 745; x_wconf 87' lang='grc' dir='ltr'>γὰρ</span> <span class='ocrx_word' id='word_1_64' title='bbox 386 691 444 730; x_wconf 88' lang='grc' dir='ltr'>τὸν</span> <span class='ocrx_word' id='word_1_65' title='bbox 459 694 499 731; x_wconf 81' lang='grc' dir='ltr'>ἐκ</span> <span class='ocrx_word' id='word_1_66' title='bbox 516 692 605 732; x_wconf 83' lang='grc' dir='ltr'>Χίου</span> <span class='ocrx_word' id='word_1_67' title='bbox 621 692 680 732; x_wconf 80' lang='grc' dir='ltr'>καὶ</span> <span class='ocrx_word' id='word_1_68' title='bbox 701 692 760 731; x_wconf 85' lang='grc' dir='ltr'>τὸν</span> <span class='ocrx_word' id='word_1_69' title='bbox 777 694 938 743; x_wconf 84' lang='grc' dir='ltr'>Κυμαῖον</span> <span class='ocrx_word' id='word_1_70' title='bbox 951 690 1108 749; x_wconf 79' lang='grc' dir='ltr'>Ἔφορον</span> 
     </span>
     <span class='ocr_line' id='line_1_11' title="bbox 79 750 903 804; baseline -0.002 -11"><span class='ocrx_word' id='word_1_71' title='bbox 79 752 150 793; x_wconf 82' lang='grc' dir='ltr'>οὔτ’</span> <span class='ocrx_word' id='word_1_72' title='bbox 169 751 211 791; x_wconf 73' lang='grc' dir='ltr'>ἂν</span> <span class='ocrx_word' id='word_1_73' title='bbox 233 750 474 804; x_wconf 77' lang='grc' dir='ltr'>διαὸάλοιμεν,</span> <span class='ocrx_word' id='word_1_74' title='bbox 491 751 562 792; x_wconf 84' lang='grc' dir='ltr'>οὔτ’</span> <span class='ocrx_word' id='word_1_75' title='bbox 581 751 622 791; x_wconf 78' lang='grc' dir='ltr'>ἂν</span> <span class='ocrx_word' id='word_1_76' title='bbox 643 752 903 803; x_wconf 77' lang='grc' dir='ltr'>θαυμάσαιμ-εν.</span> 
     </span>
    </p>
   </div>
   <div class='ocr_carea' id='block_1_3' title="bbox 520 858 667 869">
    <p class='ocr_par' dir='ltr' id='par_1_3' title="bbox 520 858 667 869">
     <span class='ocr_line' id='line_1_12' title="bbox 520 858 667 869; baseline 0 0"><span class='ocrx_word' id='word_1_77' title='bbox 520 858 667 869; x_wconf 43' lang='lat'>*⁴0⁶—</span> 
     </span>
    </p>
   </div>
   <div class='ocr_carea' id='block_1_4' title="bbox 305 914 872 972">
    <p class='ocr_par' dir='ltr' id='par_1_4' title="bbox 305 914 872 972">
     <span class='ocr_line' id='line_1_13' title="bbox 305 914 872 972; baseline -0.002 -2"><span class='ocrx_word' id='word_1_78' title='bbox 305 914 872 972; x_wconf 88' lang='lat' dir='ltr'>THEOPOMPUS.</span> 
     </span>
    </p>
   </div>
   <div class='ocr_carea' id='block_1_5' title="bbox 74 1027 1108 1853">
    <p class='ocr_par' dir='ltr' id='par_1_5' title="bbox 74 1027 1108 1853">
     <span class='ocr_line' id='line_1_14' title="bbox 130 1027 1107 1080; baseline 0.001 -13"><span class='ocrx_word' id='word_1_79' title='bbox 130 1027 409 1080; x_wconf 87' lang='lat' dir='ltr'>Theopompus</span> <span class='ocrx_word' id='word_1_80' title='bbox 438 1027 511 1079; x_wconf 89' lang='lat'>(1),</span> <span class='ocrx_word' id='word_1_81' title='bbox 535 1027 670 1076; x_wconf 89' lang='lat' dir='ltr'>Chius,</span> <span class='ocrx_word' id='word_1_82' title='bbox 700 1028 800 1066; x_wconf 85' lang='lat' dir='ltr'>filius</span> <span class='ocrx_word' id='word_1_83' title='bbox 822 1029 1107 1078; x_wconf 86' lang='lat' dir='ltr'>Damasistrati,</span> 
     </span>
     <span class='ocr_line' id='line_1_15' title="bbox 78 1086 1107 1138; baseline 0 -11"><span class='ocrx_word' id='word_1_84' title='bbox 78 1089 196 1127; x_wconf 80' lang='lat' dir='ltr'>frater</span> <span class='ocrx_word' id='word_1_85' title='bbox 226 1088 380 1127; x_wconf 88' lang='lat' dir='ltr'>Caucali</span> <span class='ocrx_word' id='word_1_86' title='bbox 410 1087 588 1126; x_wconf 88' lang='lat' dir='ltr'>rhetoris.</span> <span class='ocrx_word' id='word_1_87' title='bbox 613 1092 668 1125; x_wconf 87' lang='lat' dir='ltr'>De</span> <span class='ocrx_word' id='word_1_88' title='bbox 699 1096 810 1125; x_wconf 89' lang='lat' dir='ltr'>aetate</span> <span class='ocrx_word' id='word_1_89' title='bbox 840 1086 924 1138; x_wconf 85' lang='lat' dir='ltr'>ejus</span> <span class='ocrx_word' id='word_1_90' title='bbox 953 1089 1107 1127; x_wconf 84' lang='lat' dir='ltr'>Suidam</span> 
     </span>
     <span class='ocr_line' id='line_1_16' title="bbox 76 1147 1107 1199; baseline 0 -12"><span class='ocrx_word' id='word_1_91' title='bbox 76 1160 222 1187; x_wconf 85' lang='lat' dir='ltr'>errasse</span> <span class='ocrx_word' id='word_1_92' title='bbox 241 1147 468 1197; x_wconf 83' lang='lat' dir='ltr'><strong>intelligitur</strong></span> <span class='ocrx_word' id='word_1_93' title='bbox 481 1160 527 1185; x_wconf 86' lang='lat' dir='ltr'>ex</span> <span class='ocrx_word' id='word_1_94' title='bbox 548 1147 709 1194; x_wconf 88' lang='lat' dir='ltr'>Photio‚</span> <span class='ocrx_word' id='word_1_95' title='bbox 730 1147 796 1198; x_wconf 91' lang='lat' dir='ltr'>qui</span> <span class='ocrx_word' id='word_1_96' title='bbox 810 1147 1107 1199; x_wconf 85' lang='lat' dir='ltr'>Theopompum</span> 
     </span>
     <span class='ocr_line' id='line_1_17' title="bbox 75 1206 1108 1257; baseline 0.001 -12"><span class='ocrx_word' id='word_1_97' title='bbox 75 1214 207 1246; x_wconf 86' lang='lat' dir='ltr'>narrat</span> <span class='ocrx_word' id='word_1_98' title='bbox 222 1219 299 1244; x_wconf 84' lang='lat' dir='ltr'>una</span> <span class='ocrx_word' id='word_1_99' title='bbox 312 1219 399 1244; x_wconf 90' lang='lat' dir='ltr'>cum</span> <span class='ocrx_word' id='word_1_100' title='bbox 417 1213 526 1257; x_wconf 87' lang='lat' dir='ltr'>patre</span> <span class='ocrx_word' id='word_1_101' title='bbox 545 1214 708 1257; x_wconf 90' lang='lat' dir='ltr'>propter</span> <span class='ocrx_word' id='word_1_102' title='bbox 726 1206 1108 1246; x_wconf 78' lang='lat' dir='ltr'><strong>Lacedaemoniorum</strong></span> 
     </span>
     <span class='ocr_line' id='line_1_18' title="bbox 76 1264 1108 1317; baseline 0 -13"><span class='ocrx_word' id='word_1_103' title='bbox 76 1265 247 1304; x_wconf 89' lang='lat' dir='ltr'>studium</span> <span class='ocrx_word' id='word_1_104' title='bbox 263 1265 417 1302; x_wconf 85' lang='lat' dir='ltr'>civitate</span> <span class='ocrx_word' id='word_1_105' title='bbox 435 1264 557 1315; x_wconf 85' lang='lat' dir='ltr'>ejecto</span> <span class='ocrx_word' id='word_1_106' title='bbox 580 1265 621 1302; x_wconf 92' lang='lat' dir='ltr'>in</span> <span class='ocrx_word' id='word_1_107' title='bbox 641 1265 798 1302; x_wconf 84' lang='lat' dir='ltr'>exilium</span> <span class='ocrx_word' id='word_1_108' title='bbox 821 1264 978 1314; x_wconf 86' lang='lat' dir='ltr'>abiisse,</span> <span class='ocrx_word' id='word_1_109' title='bbox 994 1275 1108 1317; x_wconf 88' lang='lat' dir='ltr'>atque</span> 
     </span>
     <span class='ocr_line' id='line_1_19' title="bbox 77 1323 1106 1376; baseline 0.002 -14"><span class='ocrx_word' id='word_1_110' title='bbox 77 1323 371 1376; x_wconf 80' lang='lat' dir='ltr'>quadragesimo</span> <span class='ocrx_word' id='word_1_111' title='bbox 405 1324 543 1374; x_wconf 88' lang='lat' dir='ltr'>quinto</span> <span class='ocrx_word' id='word_1_112' title='bbox 567 1323 722 1361; x_wconf 87' lang='lat' dir='ltr'>demum</span> <span class='ocrx_word' id='word_1_113' title='bbox 755 1325 874 1362; x_wconf 84' lang='lat' dir='ltr'>aetatis</span> <span class='ocrx_word' id='word_1_114' title='bbox 903 1338 1005 1363; x_wconf 90' lang='lat' dir='ltr'>anno</span> <span class='ocrx_word' id='word_1_115' title='bbox 1033 1339 1106 1376; x_wconf 83' lang='lat' dir='ltr'>pa-</span> 
     </span>
     <span class='ocr_line' id='line_1_20' title="bbox 75 1383 1108 1435; baseline 0 -13"><span class='ocrx_word' id='word_1_116' title='bbox 75 1383 189 1423; x_wconf 80' lang='lat' dir='ltr'>triam</span> <span class='ocrx_word' id='word_1_117' title='bbox 211 1396 478 1434; x_wconf 83' lang='lat' dir='ltr'>recuperasse,</span> <span class='ocrx_word' id='word_1_118' title='bbox 506 1383 715 1421; x_wconf 84' lang='lat' dir='ltr'>Alexandri</span> <span class='ocrx_word' id='word_1_119' title='bbox 746 1384 846 1434; x_wconf 88' lang='lat' dir='ltr'>regis</span> <span class='ocrx_word' id='word_1_120' title='bbox 877 1385 1016 1434; x_wconf 85' lang='lat' dir='ltr'>gratia,</span> <span class='ocrx_word' id='word_1_121' title='bbox 1041 1385 1108 1435; x_wconf 86' lang='lat' dir='ltr'>qui</span> 
     </span>
     <span class='ocr_line' id='line_1_21' title="bbox 75 1441 1107 1499; baseline 0.001 -19"><span class='ocrx_word' id='word_1_122' title='bbox 75 1455 147 1494; x_wconf 87' lang='lat' dir='ltr'>per</span> <span class='ocrx_word' id='word_1_123' title='bbox 177 1442 306 1480; x_wconf 88' lang='lat' dir='ltr'><strong>literas</strong></span> <span class='ocrx_word' id='word_1_124' title='bbox 329 1442 444 1479; x_wconf 88' lang='lat' dir='ltr'>Chios</span> <span class='ocrx_word' id='word_1_125' title='bbox 466 1442 692 1480; x_wconf 77' lang='lat' dir='ltr'>exhortatus</span> <span class='ocrx_word' id='word_1_126' title='bbox 714 1441 882 1499; x_wconf 84' lang='lat' dir='ltr'>videtur,</span> <span class='ocrx_word' id='word_1_127' title='bbox 913 1451 956 1480; x_wconf 92' lang='lat' dir='ltr'>ut</span> <span class='ocrx_word' id='word_1_128' title='bbox 978 1445 1107 1481; x_wconf 82' lang='lat' dir='ltr'>exules</span> 
     </span>
     <span class='ocr_line' id='line_1_22' title="bbox 74 1500 1107 1553; baseline 0.002 -15"><span class='ocrx_word' id='word_1_129' title='bbox 74 1501 113 1539; x_wconf 90' lang='lat' dir='ltr'>in</span> <span class='ocrx_word' id='word_1_130' title='bbox 138 1501 303 1539; x_wconf 84' lang='lat' dir='ltr'>civitatis</span> <span class='ocrx_word' id='word_1_131' title='bbox 327 1500 417 1551; x_wconf 87' lang='lat' dir='ltr'>jura</span> <span class='ocrx_word' id='word_1_132' title='bbox 440 1501 695 1539; x_wconf 85' lang='lat' dir='ltr'>restituerent.</span> <span class='ocrx_word' id='word_1_133' title='bbox 723 1504 791 1539; x_wconf 82' lang='lat' dir='ltr'>Hae</span> <span class='ocrx_word' id='word_1_134' title='bbox 818 1515 914 1539; x_wconf 89' lang='lat' dir='ltr'>vero</span> <span class='ocrx_word' id='word_1_135' title='bbox 937 1503 1107 1553; x_wconf 83' lang='lat' dir='ltr'>epistolae</span> 
     </span>
     <span class='ocr_line' id='line_1_23' title="bbox 74 1559 1106 1612; baseline 0.001 -14"><span class='ocrx_word' id='word_1_136' title='bbox 74 1573 123 1598; x_wconf 87' lang='lat' dir='ltr'>ex</span> <span class='ocrx_word' id='word_1_137' title='bbox 142 1559 306 1611; x_wconf 82' lang='lat' dir='ltr'>Pssugkii</span> <span class='ocrx_word' id='word_1_138' title='bbox 329 1560 519 1598; x_wconf 86' lang='lat' dir='ltr'>sententia</span> <span class='ocrx_word' id='word_1_139' title='bbox 535 1560 687 1611; x_wconf 79' lang='lat' dir='ltr'>scriptae</span> <span class='ocrx_word' id='word_1_140' title='bbox 711 1568 801 1598; x_wconf 89' lang='lat' dir='ltr'>sunt</span> <span class='ocrx_word' id='word_1_141' title='bbox 819 1568 886 1598; x_wconf 85' lang='lat' dir='ltr'>aut</span> <span class='ocrx_word' id='word_1_142' title='bbox 911 1569 1000 1611; x_wconf 89' lang='lat' dir='ltr'>post</span> <span class='ocrx_word' id='word_1_143' title='bbox 1028 1575 1106 1612; x_wconf 86' lang='lat' dir='ltr'>pu—</span> 
     </span>
     <span class='ocr_line' id='line_1_24' title="bbox 76 1619 1108 1671; baseline 0.002 -15"><span class='ocrx_word' id='word_1_144' title='bbox 76 1632 190 1671; x_wconf 88' lang='lat' dir='ltr'>gnam</span> <span class='ocrx_word' id='word_1_145' title='bbox 218 1619 265 1657; x_wconf 87' lang='lat' dir='ltr'>ad</span> <span class='ocrx_word' id='word_1_146' title='bbox 303 1619 531 1666; x_wconf 84' lang='lat' dir='ltr'>Granicum,</span> <span class='ocrx_word' id='word_1_147' title='bbox 563 1633 643 1669; x_wconf 92' lang='lat' dir='ltr'>quo</span> <span class='ocrx_word' id='word_1_148' title='bbox 678 1627 853 1670; x_wconf 86' lang='lat' dir='ltr'>tempore</span> <span class='ocrx_word' id='word_1_149' title='bbox 889 1621 1108 1659; x_wconf 83' lang='lat' dir='ltr'>Alexander</span> 
     </span>
     <span class='ocr_line' id='line_1_25' title="bbox 75 1677 1104 1729; baseline 0.002 -13"><span class='ocrx_word' id='word_1_150' title='bbox 75 1691 164 1716; x_wconf 86' lang='lat' dir='ltr'>cum</span> <span class='ocrx_word' id='word_1_151' title='bbox 177 1679 404 1728; x_wconf 78' lang='lat' dir='ltr'>Mytilenaeis</span> <span class='ocrx_word' id='word_1_152' title='bbox 417 1685 455 1716; x_wconf 91' lang='lat' dir='ltr'>et</span> <span class='ocrx_word' id='word_1_153' title='bbox 464 1677 682 1729; x_wconf 84' lang='lat' dir='ltr'>Aspendiis,</span> <span class='ocrx_word' id='word_1_154' title='bbox 697 1691 846 1716; x_wconf 88' lang='lat' dir='ltr'>necnon</span> <span class='ocrx_word' id='word_1_155' title='bbox 858 1709 869 1726; x_wconf 92' lang='lat'>‚</span> <span class='ocrx_word' id='word_1_156' title='bbox 881 1687 925 1716; x_wconf 92' lang='lat' dir='ltr'>ut</span> <span class='ocrx_word' id='word_1_157' title='bbox 937 1680 1104 1727; x_wconf 89' lang='lat' dir='ltr'>videtur,</span> 
     </span>
     <span class='ocr_line' id='line_1_26' title="bbox 75 1737 1104 1788; baseline 0.001 -12"><span class='ocrx_word' id='word_1_158' title='bbox 75 1751 163 1776; x_wconf 86' lang='lat' dir='ltr'>cum</span> <span class='ocrx_word' id='word_1_159' title='bbox 183 1737 290 1776; x_wconf 92' lang='lat' dir='ltr'>Chiis</span> <span class='ocrx_word' id='word_1_160' title='bbox 310 1737 399 1775; x_wconf 85' lang='lat' dir='ltr'>fecit</span> <span class='ocrx_word' id='word_1_161' title='bbox 419 1737 580 1784; x_wconf 80' lang='lat' dir='ltr'>foedera,</span> <span class='ocrx_word' id='word_1_162' title='bbox 601 1738 641 1775; x_wconf 88' lang='lat' dir='ltr'>in</span> <span class='ocrx_word' id='word_1_163' title='bbox 655 1737 795 1788; x_wconf 91' lang='lat' dir='ltr'>quibus</span> <span class='ocrx_word' id='word_1_164' title='bbox 814 1738 930 1776; x_wconf 89' lang='lat' dir='ltr'>etiam</span> <span class='ocrx_word' id='word_1_165' title='bbox 948 1740 1104 1777; x_wconf 89' lang='lat' dir='ltr'>exulum</span> 
     </span>
     <span class='ocr_line' id='line_1_27' title="bbox 74 1797 1103 1853; baseline 0.001 -18"><span class='ocrx_word' id='word_1_166' title='bbox 74 1797 309 1836; x_wconf 85' lang='lat' dir='ltr'>mentionem</span> <span class='ocrx_word' id='word_1_167' title='bbox 329 1797 468 1835; x_wconf 89' lang='lat' dir='ltr'>factam</span> <span class='ocrx_word' id='word_1_168' title='bbox 483 1809 566 1835; x_wconf 89' lang='lat' dir='ltr'>esse</span> <span class='ocrx_word' id='word_1_169' title='bbox 585 1797 803 1848; x_wconf 85' lang='lat' dir='ltr'>putandum</span> <span class='ocrx_word' id='word_1_170' title='bbox 827 1801 896 1846; x_wconf 86' lang='lat' dir='ltr'>sit;</span> <span class='ocrx_word' id='word_1_171' title='bbox 916 1806 981 1836; x_wconf 88' lang='lat' dir='ltr'>aut</span> <span class='ocrx_word' id='word_1_172' title='bbox 1001 1798 1103 1853; x_wconf 60' lang='lat' dir='ltr'>duo:</span> 
     </span>
    </p>
   </div>
   <div class='ocr_carea' id='block_1_6' title="bbox 71 1906 1105 3448">
    <p class='ocr_par' dir='ltr' id='par_1_6' title="bbox 71 1906 1104 2934">
     <span class='ocr_line' id='line_1_28' title="bbox 113 1906 1103 1953; baseline 0.002 -13"><span class='ocrx_word' id='word_1_173' title='bbox 113 1907 157 1948; x_wconf 78' lang='lat'>(1)</span> <span class='ocrx_word' id='word_1_174' title='bbox 177 1906 289 1940; x_wconf 84' lang='lat' dir='ltr'>suidas</span> <span class='ocrx_word' id='word_1_175' title='bbox 306 1916 315 1938; x_wconf 71' lang='grc' dir='ltr'>ε</span> <span class='ocrx_word' id='word_1_176' title='bbox 333 1906 520 1949; x_wconf 83' lang='grc' dir='ltr'>Θεόπομπος</span> <span class='ocrx_word' id='word_1_177' title='bbox 544 1909 636 1946; x_wconf 83' lang='grc' dir='ltr'>Χῖος,</span> <span class='ocrx_word' id='word_1_178' title='bbox 661 1908 783 1951; x_wconf 84' lang='grc' dir='ltr'>ῥήτωρ,</span> <span class='ocrx_word' id='word_1_179' title='bbox 805 1908 870 1946; x_wconf 84' lang='grc' dir='ltr'>υἱὸς</span> <span class='ocrx_word' id='word_1_180' title='bbox 886 1910 1103 1953; x_wconf 86' lang='grc' dir='ltr'>Δαμασιστρά-</span> 
     </span>
     <span class='ocr_line' id='line_1_29' title="bbox 72 1955 1103 1999; baseline 0.002 -12"><span class='ocrx_word' id='word_1_181' title='bbox 72 1966 128 1987; x_wconf 80' lang='grc' dir='ltr'>του</span> <span class='ocrx_word' id='word_1_182' title='bbox 146 1955 201 1996; x_wconf 80' lang='lat' dir='ltr'>(cf.</span> <span class='ocrx_word' id='word_1_183' title='bbox 225 1958 363 1987; x_wconf 82' lang='lat' dir='ltr'>Pausan.</span> <span class='ocrx_word' id='word_1_184' title='bbox 382 1958 446 1996; x_wconf 89' lang='lat'>111,</span> <span class='ocrx_word' id='word_1_185' title='bbox 468 1955 531 1995; x_wconf 89' lang='lat'>10),</span> <span class='ocrx_word' id='word_1_186' title='bbox 560 1956 696 1996; x_wconf 89' lang='grc' dir='ltr'>γεγονὼς</span> <span class='ocrx_word' id='word_1_187' title='bbox 717 1956 798 1988; x_wconf 84' lang='grc' dir='ltr'>κατὰ</span> <span class='ocrx_word' id='word_1_188' title='bbox 810 1957 880 1993; x_wconf 86' lang='grc' dir='ltr'>τοὺς</span> <span class='ocrx_word' id='word_1_189' title='bbox 905 1957 1033 1999; x_wconf 88' lang='grc' dir='ltr'>χρόνους</span> <span class='ocrx_word' id='word_1_190' title='bbox 1049 1962 1103 1996; x_wconf 87' lang='grc' dir='ltr'>τῆς</span> 
     </span>
     <span class='ocr_line' id='line_1_30' title="bbox 72 2002 1104 2046; baseline 0.002 -12"><span class='ocrx_word' id='word_1_191' title='bbox 72 2002 237 2045; x_wconf 77' lang='grc' dir='ltr'>ἄναρχείας</span> <span class='ocrx_word' id='word_1_192' title='bbox 252 2002 418 2040; x_wconf 77' lang='grc' dir='ltr'>Ἀθηναίων</span> <span class='ocrx_word' id='word_1_193' title='bbox 441 2002 491 2034; x_wconf 86' lang='grc' dir='ltr'>ἐπὶ</span> <span class='ocrx_word' id='word_1_194' title='bbox 514 2005 568 2040; x_wconf 76' lang='grc' dir='ltr'>τῆς</span> <span class='ocrx_word' id='word_1_195' title='bbox 585 2002 804 2042; x_wconf 85' lang='grc' dir='ltr'>ἐννενηκοστῆς</span> <span class='ocrx_word' id='word_1_196' title='bbox 821 2003 921 2046; x_wconf 89' lang='grc' dir='ltr'>τρίτης</span> <span class='ocrx_word' id='word_1_197' title='bbox 938 2004 1104 2045; x_wconf 87' lang='grc' dir='ltr'>Ὀλυμπιά-</span> 
     </span>
     <span class='ocr_line' id='line_1_31' title="bbox 73 2049 1100 2095; baseline 0.002 -14"><span class='ocrx_word' id='word_1_198' title='bbox 73 2049 143 2091; x_wconf 82' lang='grc' dir='ltr'>δος,</span> <span class='ocrx_word' id='word_1_199' title='bbox 166 2050 218 2082; x_wconf 83' lang='grc' dir='ltr'>ὅτε</span> <span class='ocrx_word' id='word_1_200' title='bbox 232 2050 286 2081; x_wconf 81' lang='grc' dir='ltr'>καὶ</span> <span class='ocrx_word' id='word_1_201' title='bbox 302 2049 432 2092; x_wconf 84' lang='grc' dir='ltr'>Ἔφορος</span> <span class='ocrx_word' id='word_1_202' title='bbox 447 2058 455 2066; x_wconf 92' lang='grc'><em>·</em></span> <span class='ocrx_word' id='word_1_203' title='bbox 471 2049 666 2093; x_wconf 78' lang='grc' dir='ltr'>Ἰσοκράτους</span> <span class='ocrx_word' id='word_1_204' title='bbox 690 2050 844 2090; x_wconf 75' lang='grc' dir='ltr'>ἀκουστὴς</span> <span class='ocrx_word' id='word_1_205' title='bbox 866 2052 931 2093; x_wconf 84' lang='grc' dir='ltr'>ἅμα</span> <span class='ocrx_word' id='word_1_206' title='bbox 958 2053 1080 2095; x_wconf 84' lang='grc' dir='ltr'>Ἐφόρῳ</span> <span class='ocrx_word' id='word_1_207' title='bbox 1093 2063 1100 2069; x_wconf 89' lang='grc'>·</span> 
     </span>
     <span class='ocr_line' id='line_1_32' title="bbox 73 2097 1102 2141; baseline 0.003 -12"><span class='ocrx_word' id='word_1_208' title='bbox 73 2097 204 2140; x_wconf 74' lang='grc' dir='ltr'>ἔγραψεν</span> <span class='ocrx_word' id='word_1_209' title='bbox 241 2098 390 2138; x_wconf 84' lang='grc' dir='ltr'>ἐπιτομὴν</span> <span class='ocrx_word' id='word_1_210' title='bbox 414 2097 583 2140; x_wconf 84' lang='grc' dir='ltr'>Ἡροδότου</span> <span class='ocrx_word' id='word_1_211' title='bbox 612 2099 756 2141; x_wconf 79' lang='grc' dir='ltr'>ἱστοριῶν</span> <span class='ocrx_word' id='word_1_212' title='bbox 775 2099 807 2130; x_wconf 86' lang='grc' dir='ltr'>ἐν</span> <span class='ocrx_word' id='word_1_213' title='bbox 827 2099 954 2140; x_wconf 76' lang='grc' dir='ltr'>βιὸλίοις</span> <span class='ocrx_word' id='word_1_214' title='bbox 974 2100 1022 2141; x_wconf 83' lang='grc' dir='ltr'>β’·</span> <span class='ocrx_word' id='word_1_215' title='bbox 1046 2102 1102 2132; x_wconf 87' lang='grc' dir='ltr'>Φι-</span> 
     </span>
     <span class='ocr_line' id='line_1_33' title="bbox 73 2145 1102 2188; baseline 0.004 -12"><span class='ocrx_word' id='word_1_216' title='bbox 73 2145 204 2177; x_wconf 66' lang='grc' dir='ltr'>λιππικοὶ</span> <span class='ocrx_word' id='word_1_217' title='bbox 217 2145 248 2177; x_wconf 85' lang='grc' dir='ltr'>ἐν</span> <span class='ocrx_word' id='word_1_218' title='bbox 266 2145 394 2186; x_wconf 74' lang='grc' dir='ltr'>βιὸλίοις</span> <span class='ocrx_word' id='word_1_219' title='bbox 409 2145 455 2176; x_wconf 80' lang='grc' dir='ltr'>οὸ’</span> <span class='ocrx_word' id='word_1_220' title='bbox 465 2153 473 2160; x_wconf 91' lang='grc'><em>·</em></span> <span class='ocrx_word' id='word_1_221' title='bbox 491 2145 671 2183; x_wconf 82' lang='grc' dir='ltr'>Ἑλληνικὰς</span> <span class='ocrx_word' id='word_1_222' title='bbox 685 2145 820 2188; x_wconf 84' lang='grc' dir='ltr'>ἱστορίας</span> <span class='ocrx_word' id='word_1_223' title='bbox 832 2171 841 2187; x_wconf 90' lang='grc'>,</span> <span class='ocrx_word' id='word_1_224' title='bbox 856 2147 980 2178; x_wconf 84' lang='grc' dir='ltr'>ἕπονται</span> <span class='ocrx_word' id='word_1_225' title='bbox 994 2148 1027 2179; x_wconf 86' lang='grc' dir='ltr'>δὲ</span> <span class='ocrx_word' id='word_1_226' title='bbox 1038 2151 1102 2185; x_wconf 86' lang='grc' dir='ltr'>τοῖς</span> 
     </span>
     <span class='ocr_line' id='line_1_34' title="bbox 73 2191 1102 2236; baseline 0.002 -12"><span class='ocrx_word' id='word_1_227' title='bbox 73 2191 264 2224; x_wconf 80' lang='grc' dir='ltr'>Θουκυδίδου</span> <span class='ocrx_word' id='word_1_228' title='bbox 282 2192 335 2223; x_wconf 85' lang='grc' dir='ltr'>καὶ</span> <span class='ocrx_word' id='word_1_229' title='bbox 351 2191 564 2233; x_wconf 81' lang='grc' dir='ltr'>Ξενοφῶντος,</span> <span class='ocrx_word' id='word_1_230' title='bbox 580 2193 633 2223; x_wconf 82' lang='grc' dir='ltr'>καὶ</span> <span class='ocrx_word' id='word_1_231' title='bbox 650 2193 728 2225; x_wconf 83' lang='grc' dir='ltr'>εἰσὶν</span> <span class='ocrx_word' id='word_1_232' title='bbox 747 2193 779 2224; x_wconf 83' lang='grc' dir='ltr'>ἐν</span> <span class='ocrx_word' id='word_1_233' title='bbox 797 2193 926 2234; x_wconf 74' lang='grc' dir='ltr'>βιὸλίοις</span> <span class='ocrx_word' id='word_1_234' title='bbox 942 2193 991 2234; x_wconf 89' lang='grc' dir='ltr'>ια’,</span> <span class='ocrx_word' id='word_1_235' title='bbox 1015 2194 1102 2236; x_wconf 81' lang='grc' dir='ltr'>ἔχου-</span> 
     </span>
     <span class='ocr_line' id='line_1_35' title="bbox 73 2239 1101 2283; baseline 0.002 -13"><span class='ocrx_word' id='word_1_236' title='bbox 73 2249 127 2271; x_wconf 89' lang='grc' dir='ltr'>σαι</span> <span class='ocrx_word' id='word_1_237' title='bbox 143 2239 182 2271; x_wconf 85' lang='grc' dir='ltr'>τὰ</span> <span class='ocrx_word' id='word_1_238' title='bbox 203 2239 265 2271; x_wconf 86' lang='grc' dir='ltr'>ἀπὸ</span> <span class='ocrx_word' id='word_1_239' title='bbox 280 2239 576 2277; x_wconf 79' lang='grc' dir='ltr'>Πελοποννησιακοῦ</span> <span class='ocrx_word' id='word_1_240' title='bbox 591 2239 729 2280; x_wconf 88' lang='grc' dir='ltr'>πολέμου</span> <span class='ocrx_word' id='word_1_241' title='bbox 755 2239 862 2272; x_wconf 85' lang='grc' dir='ltr'>λοιπά.</span> <span class='ocrx_word' id='word_1_242' title='bbox 881 2240 1021 2283; x_wconf 83' lang='grc' dir='ltr'>Ἔγραψε</span> <span class='ocrx_word' id='word_1_243' title='bbox 1048 2243 1101 2273; x_wconf 81' lang='grc' dir='ltr'>καὶ</span> 
     </span>
     <span class='ocr_line' id='line_1_36' title="bbox 73 2285 1103 2330; baseline 0.003 -12"><span class='ocrx_word' id='word_1_244' title='bbox 73 2285 161 2328; x_wconf 75' lang='grc' dir='ltr'>ἕτερα</span> <span class='ocrx_word' id='word_1_245' title='bbox 175 2287 318 2318; x_wconf 85' lang='grc' dir='ltr'>πλεῖστα.</span> <span class='ocrx_word' id='word_1_246' title='bbox 334 2285 469 2326; x_wconf 81' lang='lat' dir='ltr'>Reliqua</span> <span class='ocrx_word' id='word_1_247' title='bbox 484 2294 558 2327; x_wconf 88' lang='lat' dir='ltr'>quae</span> <span class='ocrx_word' id='word_1_248' title='bbox 574 2286 614 2318; x_wconf 87' lang='lat' dir='ltr'>de</span> <span class='ocrx_word' id='word_1_249' title='bbox 632 2286 699 2318; x_wconf 82' lang='lat' dir='ltr'>vita</span> <span class='ocrx_word' id='word_1_250' title='bbox 721 2287 920 2328; x_wconf 84' lang='lat' dir='ltr'>Theopompi</span> <span class='ocrx_word' id='word_1_251' title='bbox 938 2290 1103 2330; x_wconf 86' lang='lat' dir='ltr'>comperta</span> 
     </span>
     <span class='ocr_line' id='line_1_37' title="bbox 73 2331 1100 2377; baseline 0.005 -13"><span class='ocrx_word' id='word_1_252' title='bbox 73 2331 248 2372; x_wconf 75' lang='lat' dir='ltr'>habemus,</span> <span class='ocrx_word' id='word_1_253' title='bbox 262 2332 372 2364; x_wconf 91' lang='lat' dir='ltr'>omnia</span> <span class='ocrx_word' id='word_1_254' title='bbox 385 2332 451 2365; x_wconf 80' lang='lat' dir='ltr'>fere</span> <span class='ocrx_word' id='word_1_255' title='bbox 462 2333 612 2374; x_wconf 86' lang='lat' dir='ltr'>leguntur</span> <span class='ocrx_word' id='word_1_256' title='bbox 625 2333 661 2365; x_wconf 90' lang='lat' dir='ltr'>in</span> <span class='ocrx_word' id='word_1_257' title='bbox 676 2334 768 2366; x_wconf 87' lang='lat' dir='ltr'>Phot.</span> <span class='ocrx_word' id='word_1_258' title='bbox 784 2335 857 2368; x_wconf 90' lang='lat' dir='ltr'>cod.</span> <span class='ocrx_word' id='word_1_259' title='bbox 879 2338 949 2375; x_wconf 88' lang='grc'>176,</span> <span class='ocrx_word' id='word_1_260' title='bbox 973 2345 1003 2377; x_wconf 89' lang='lat' dir='ltr'>p.</span> <span class='ocrx_word' id='word_1_261' title='bbox 1023 2340 1100 2369; x_wconf 86' lang='lat'><strong>203:</strong></span> 
     </span>
     <span class='ocr_line' id='line_1_38' title="bbox 71 2377 1101 2427; baseline 0.005 -16"><span class='ocrx_word' id='word_1_262' title='bbox 71 2377 164 2412; x_wconf 77' lang='grc' dir='ltr'>Ἐστι</span> <span class='ocrx_word' id='word_1_263' title='bbox 179 2380 212 2412; x_wconf 86' lang='grc' dir='ltr'>δὲ</span> <span class='ocrx_word' id='word_1_264' title='bbox 231 2379 418 2420; x_wconf 80' lang='grc' dir='ltr'>Θεόπομπος</span> <span class='ocrx_word' id='word_1_265' title='bbox 441 2381 516 2416; x_wconf 85' lang='grc' dir='ltr'>Χῖος</span> <span class='ocrx_word' id='word_1_266' title='bbox 534 2380 588 2420; x_wconf 85' lang='grc' dir='ltr'>μὲν</span> <span class='ocrx_word' id='word_1_267' title='bbox 610 2380 645 2412; x_wconf 86' lang='grc' dir='ltr'>τὸ</span> <span class='ocrx_word' id='word_1_268' title='bbox 670 2381 773 2421; x_wconf 84' lang='grc' dir='ltr'>γένος,</span> <span class='ocrx_word' id='word_1_269' title='bbox 795 2382 860 2420; x_wconf 85' lang='grc' dir='ltr'>υἱὸς</span> <span class='ocrx_word' id='word_1_270' title='bbox 875 2383 1101 2427; x_wconf 86' lang='grc' dir='ltr'>Δαμοστράτου</span> 
     </span>
     <span class='ocr_line' id='line_1_39' title="bbox 71 2425 1103 2472; baseline 0.005 -14"><span class='ocrx_word' id='word_1_271' title='bbox 71 2425 108 2466; x_wconf 85' lang='grc' dir='ltr'>(Ι.</span> <span class='ocrx_word' id='word_1_272' title='bbox 131 2425 414 2468; x_wconf 80' lang='grc' dir='ltr'>Δαμασιστράτου).</span> <span class='ocrx_word' id='word_1_273' title='bbox 430 2428 545 2467; x_wconf 87' lang='grc' dir='ltr'>Φυγεῖν</span> <span class='ocrx_word' id='word_1_274' title='bbox 558 2427 591 2459; x_wconf 86' lang='grc' dir='ltr'>δὲ</span> <span class='ocrx_word' id='word_1_275' title='bbox 606 2428 726 2469; x_wconf 87' lang='grc' dir='ltr'>λέγεται</span> <span class='ocrx_word' id='word_1_276' title='bbox 743 2433 797 2468; x_wconf 88' lang='grc' dir='ltr'>τῆς</span> <span class='ocrx_word' id='word_1_277' title='bbox 819 2430 965 2472; x_wconf 83' lang='grc' dir='ltr'>πατρίδος</span> <span class='ocrx_word' id='word_1_278' title='bbox 977 2432 1043 2472; x_wconf 81' lang='grc' dir='ltr'>ἅμα</span> <span class='ocrx_word' id='word_1_279' title='bbox 1057 2435 1103 2472; x_wconf 87' lang='grc' dir='ltr'>τῷ</span> 
     </span>
     <span class='ocr_line' id='line_1_40' title="bbox 71 2473 1103 2517; baseline 0.006 -12"><span class='ocrx_word' id='word_1_280' title='bbox 71 2474 163 2516; x_wconf 77' lang='grc' dir='ltr'>πατρὶ</span> <span class='ocrx_word' id='word_1_281' title='bbox 176 2497 186 2514; x_wconf 90' lang='grc'>,</span> <span class='ocrx_word' id='word_1_282' title='bbox 200 2473 250 2506; x_wconf 85' lang='grc' dir='ltr'>ἐπὶ</span> <span class='ocrx_word' id='word_1_283' title='bbox 265 2475 456 2515; x_wconf 82' lang='grc' dir='ltr'>λακωνισμῷ</span> <span class='ocrx_word' id='word_1_284' title='bbox 480 2477 535 2506; x_wconf 86' lang='grc' dir='ltr'>τοῦ</span> <span class='ocrx_word' id='word_1_285' title='bbox 550 2475 663 2517; x_wconf 85' lang='grc' dir='ltr'>πατρὸς</span> <span class='ocrx_word' id='word_1_286' title='bbox 679 2475 803 2512; x_wconf 84' lang='grc' dir='ltr'>ἁλόντος</span> <span class='ocrx_word' id='word_1_287' title='bbox 817 2485 824 2492; x_wconf 92' lang='grc'><em>·</em></span> <span class='ocrx_word' id='word_1_288' title='bbox 847 2477 1045 2517; x_wconf 83' lang='grc' dir='ltr'>ἀνασωθῆναι</span> <span class='ocrx_word' id='word_1_289' title='bbox 1070 2479 1103 2511; x_wconf 84' lang='grc' dir='ltr'>δὲ</span> 
     </span>
     <span class='ocr_line' id='line_1_41' title="bbox 71 2521 1103 2566; baseline 0.006 -14"><span class='ocrx_word' id='word_1_290' title='bbox 71 2523 109 2562; x_wconf 79' lang='grc' dir='ltr'>τῇ</span> <span class='ocrx_word' id='word_1_291' title='bbox 129 2521 269 2563; x_wconf 86' lang='grc' dir='ltr'>πατρίδι,</span> <span class='ocrx_word' id='word_1_292' title='bbox 295 2521 532 2558; x_wconf 83' lang='grc' dir='ltr'>τελευτήσαντος</span> <span class='ocrx_word' id='word_1_293' title='bbox 557 2523 641 2562; x_wconf 82' lang='grc' dir='ltr'>αὐτῷ</span> <span class='ocrx_word' id='word_1_294' title='bbox 659 2526 714 2554; x_wconf 80' lang='grc' dir='ltr'>τοῦ</span> <span class='ocrx_word' id='word_1_295' title='bbox 730 2523 862 2566; x_wconf 87' lang='grc' dir='ltr'>πατρὸς,</span> <span class='ocrx_word' id='word_1_296' title='bbox 880 2526 935 2563; x_wconf 75' lang='grc' dir='ltr'>τὴν</span> <span class='ocrx_word' id='word_1_297' title='bbox 957 2526 990 2557; x_wconf 88' lang='grc' dir='ltr'>δὲ</span> <span class='ocrx_word' id='word_1_298' title='bbox 1013 2526 1103 2558; x_wconf 77' lang='grc' dir='ltr'>κάθο-</span> 
     </span>
     <span class='ocr_line' id='line_1_42' title="bbox 72 2566 1103 2610; baseline 0.006 -11"><span class='ocrx_word' id='word_1_299' title='bbox 72 2566 125 2599; x_wconf 84' lang='grc' dir='ltr'>δον</span> <span class='ocrx_word' id='word_1_300' title='bbox 139 2567 331 2610; x_wconf 79' lang='grc' dir='ltr'>Ἀλεξάνδρου</span> <span class='ocrx_word' id='word_1_301' title='bbox 345 2571 400 2600; x_wconf 87' lang='grc' dir='ltr'>τοῦ</span> <span class='ocrx_word' id='word_1_302' title='bbox 422 2569 611 2601; x_wconf 74' lang='grc' dir='ltr'>Μακεδόνων</span> <span class='ocrx_word' id='word_1_303' title='bbox 631 2570 782 2610; x_wconf 86' lang='grc' dir='ltr'>βασιλέως</span> <span class='ocrx_word' id='word_1_304' title='bbox 800 2571 839 2602; x_wconf 87' lang='grc' dir='ltr'>δι’</span> <span class='ocrx_word' id='word_1_305' title='bbox 856 2571 1028 2604; x_wconf 83' lang='grc' dir='ltr'>ἐπιστολῶν</span> <span class='ocrx_word' id='word_1_306' title='bbox 1041 2576 1103 2604; x_wconf 85' lang='grc' dir='ltr'>τῶν</span> 
     </span>
     <span class='ocr_line' id='line_1_43' title="bbox 72 2613 1104 2658; baseline 0.007 -13"><span class='ocrx_word' id='word_1_307' title='bbox 72 2613 146 2656; x_wconf 83' lang='grc' dir='ltr'>πρὸς</span> <span class='ocrx_word' id='word_1_308' title='bbox 157 2614 228 2651; x_wconf 83' lang='grc' dir='ltr'>τοὺς</span> <span class='ocrx_word' id='word_1_309' title='bbox 240 2614 334 2652; x_wconf 82' lang='grc' dir='ltr'>Χίους</span> <span class='ocrx_word' id='word_1_310' title='bbox 343 2616 618 2658; x_wconf 80' lang='grc' dir='ltr'>καταπραξαμένου</span> <span class='ocrx_word' id='word_1_311' title='bbox 627 2624 634 2632; x_wconf 86' lang='grc'><em>·</em></span> <span class='ocrx_word' id='word_1_312' title='bbox 653 2617 729 2648; x_wconf 84' lang='grc' dir='ltr'>ἐτῶν</span> <span class='ocrx_word' id='word_1_313' title='bbox 742 2618 775 2649; x_wconf 86' lang='grc' dir='ltr'>δὲ</span> <span class='ocrx_word' id='word_1_314' title='bbox 791 2617 867 2650; x_wconf 84' lang='grc' dir='ltr'>εἶναι</span> <span class='ocrx_word' id='word_1_315' title='bbox 883 2618 953 2651; x_wconf 87' lang='grc' dir='ltr'>τότε</span> <span class='ocrx_word' id='word_1_316' title='bbox 966 2619 1018 2651; x_wconf 86' lang='grc' dir='ltr'>τὸν</span> <span class='ocrx_word' id='word_1_317' title='bbox 1029 2621 1104 2652; x_wconf 89' lang='grc' dir='ltr'>Θεό-</span> 
     </span>
     <span class='ocr_line' id='line_1_44' title="bbox 71 2661 1103 2710; baseline 0.007 -18"><span class='ocrx_word' id='word_1_318' title='bbox 71 2671 196 2702; x_wconf 84' lang='grc' dir='ltr'>πομπον</span> <span class='ocrx_word' id='word_1_319' title='bbox 227 2661 318 2694; x_wconf 85' lang='grc' dir='ltr'>πέντε</span> <span class='ocrx_word' id='word_1_320' title='bbox 339 2664 392 2695; x_wconf 81' lang='grc' dir='ltr'>καὶ</span> <span class='ocrx_word' id='word_1_321' title='bbox 415 2662 658 2706; x_wconf 86' lang='grc' dir='ltr'>τεσσαράκοντα.</span> <span class='ocrx_word' id='word_1_322' title='bbox 675 2664 764 2696; x_wconf 79' lang='grc' dir='ltr'>Μετὰ</span> <span class='ocrx_word' id='word_1_323' title='bbox 778 2665 811 2697; x_wconf 83' lang='grc' dir='ltr'>δὲ</span> <span class='ocrx_word' id='word_1_324' title='bbox 837 2666 889 2697; x_wconf 88' lang='grc' dir='ltr'>τὸν</span> <span class='ocrx_word' id='word_1_325' title='bbox 911 2667 1103 2710; x_wconf 81' lang='grc' dir='ltr'>Ἀλεξάνδρου</span> 
     </span>
     <span class='ocr_line' id='line_1_45' title="bbox 73 2706 1100 2755; baseline 0.008 -17"><span class='ocrx_word' id='word_1_326' title='bbox 73 2706 201 2739; x_wconf 76' lang='grc' dir='ltr'>θάνατον</span> <span class='ocrx_word' id='word_1_327' title='bbox 226 2709 419 2750; x_wconf 86' lang='grc' dir='ltr'>πανταχόθεν</span> <span class='ocrx_word' id='word_1_328' title='bbox 459 2709 631 2742; x_wconf 83' lang='grc' dir='ltr'>ἐκπεσόντα</span> <span class='ocrx_word' id='word_1_329' title='bbox 669 2711 711 2747; x_wconf 87' lang='grc' dir='ltr'>εἷς</span> <span class='ocrx_word' id='word_1_330' title='bbox 734 2711 889 2752; x_wconf 78' lang='grc' dir='ltr'>Αἴγυπτον</span> <span class='ocrx_word' id='word_1_331' title='bbox 925 2713 1100 2755; x_wconf 78' lang='grc' dir='ltr'>ἀφικέσθαι.</span> 
     </span>
     <span class='ocr_line' id='line_1_46' title="bbox 72 2749 1103 2798; baseline 0.007 -18"><span class='ocrx_word' id='word_1_332' title='bbox 72 2749 266 2790; x_wconf 77' lang='grc' dir='ltr'>Πτολεμαῖον</span> <span class='ocrx_word' id='word_1_333' title='bbox 278 2750 323 2790; x_wconf 82' lang='grc' dir='ltr'>δὲ,</span> <span class='ocrx_word' id='word_1_334' title='bbox 336 2750 389 2782; x_wconf 88' lang='grc' dir='ltr'>τὸν</span> <span class='ocrx_word' id='word_1_335' title='bbox 401 2751 514 2789; x_wconf 82' lang='grc' dir='ltr'>ταύτης</span> <span class='ocrx_word' id='word_1_336' title='bbox 529 2752 669 2792; x_wconf 77' lang='grc' dir='ltr'>βασιλέα,</span> <span class='ocrx_word' id='word_1_337' title='bbox 680 2753 716 2784; x_wconf 88' lang='grc' dir='ltr'>οὐ</span> <span class='ocrx_word' id='word_1_338' title='bbox 732 2753 914 2795; x_wconf 86' lang='grc' dir='ltr'>προσίεσθαι</span> <span class='ocrx_word' id='word_1_339' title='bbox 926 2755 979 2786; x_wconf 84' lang='grc' dir='ltr'>τὸν</span> <span class='ocrx_word' id='word_1_340' title='bbox 991 2756 1086 2798; x_wconf 83' lang='grc' dir='ltr'>ἄνδρα</span> <span class='ocrx_word' id='word_1_341' title='bbox 1094 2780 1103 2796; x_wconf 89' lang='grc'>,</span> 
     </span>
     <span class='ocr_line' id='line_1_47' title="bbox 72 2795 1103 2842; baseline 0.006 -14"><span class='ocrx_word' id='word_1_342' title='bbox 72 2795 150 2828; x_wconf 78' lang='grc' dir='ltr'>ἀλλὰ</span> <span class='ocrx_word' id='word_1_343' title='bbox 164 2797 217 2828; x_wconf 75' lang='grc' dir='ltr'>καὶ</span> <span class='ocrx_word' id='word_1_344' title='bbox 233 2798 276 2834; x_wconf 88' lang='grc' dir='ltr'>ὡς</span> <span class='ocrx_word' id='word_1_345' title='bbox 289 2797 534 2840; x_wconf 85' lang='grc' dir='ltr'>πολυπράγμονα</span> <span class='ocrx_word' id='word_1_346' title='bbox 549 2798 665 2830; x_wconf 84' lang='grc' dir='ltr'>ἀνελεῖν</span> <span class='ocrx_word' id='word_1_347' title='bbox 679 2799 834 2840; x_wconf 84' lang='grc' dir='ltr'>ἐθελῆσαι,</span> <span class='ocrx_word' id='word_1_348' title='bbox 849 2801 876 2832; x_wconf 82' lang='grc' dir='ltr'>εἷ</span> <span class='ocrx_word' id='word_1_349' title='bbox 893 2802 935 2842; x_wconf 85' lang='grc' dir='ltr'>μή</span> <span class='ocrx_word' id='word_1_350' title='bbox 951 2813 1029 2839; x_wconf 87' lang='grc' dir='ltr'>τινες</span> <span class='ocrx_word' id='word_1_351' title='bbox 1041 2806 1103 2834; x_wconf 87' lang='grc' dir='ltr'>τῶν</span> 
     </span>
     <span class='ocr_line' id='line_1_48' title="bbox 72 2842 1104 2888; baseline 0.009 -15"><span class='ocrx_word' id='word_1_352' title='bbox 72 2842 167 2884; x_wconf 81' lang='grc' dir='ltr'>φίλων</span> <span class='ocrx_word' id='word_1_353' title='bbox 191 2843 455 2886; x_wconf 86' lang='grc' dir='ltr'>παραιτησάμενοι</span> <span class='ocrx_word' id='word_1_354' title='bbox 478 2846 682 2878; x_wconf 85' lang='grc' dir='ltr'>διεσώσαντο.</span> <span class='ocrx_word' id='word_1_355' title='bbox 716 2847 918 2888; x_wconf 84' lang='grc' dir='ltr'>Συνακμάσαι</span> <span class='ocrx_word' id='word_1_356' title='bbox 952 2848 985 2880; x_wconf 85' lang='grc' dir='ltr'>δὲ</span> <span class='ocrx_word' id='word_1_357' title='bbox 1012 2850 1104 2887; x_wconf 79' lang='grc' dir='ltr'>αὐτὸς</span> 
     </span>
     <span class='ocr_line' id='line_1_49' title="bbox 73 2889 804 2934; baseline 0.008 -14"><span class='ocrx_word' id='word_1_358' title='bbox 73 2889 180 2921; x_wconf 83' lang='grc' dir='ltr'>ἑαυτὸν</span> <span class='ocrx_word' id='word_1_359' title='bbox 193 2890 292 2931; x_wconf 83' lang='grc' dir='ltr'>λέγει,</span> <span class='ocrx_word' id='word_1_360' title='bbox 309 2892 371 2923; x_wconf 87' lang='lat' dir='ltr'>etc.</span> <span class='ocrx_word' id='word_1_361' title='bbox 386 2891 469 2924; x_wconf 87' lang='lat' dir='ltr'>Vide</span> <span class='ocrx_word' id='word_1_362' title='bbox 484 2892 598 2933; x_wconf 82' lang='lat' dir='ltr'>lragm.</span> <span class='ocrx_word' id='word_1_363' title='bbox 615 2897 664 2928; x_wconf 82' lang='lat'>26,</span> <span class='ocrx_word' id='word_1_364' title='bbox 680 2902 712 2934; x_wconf 90' lang='lat' dir='ltr'>p.</span> <span class='ocrx_word' id='word_1_365' title='bbox 733 2897 804 2926; x_wconf 88' lang='lat'><strong>282.</strong></span> 
     </span>
    </p>

    <p class='ocr_par' dir='ltr' id='par_1_7' title="bbox 72 2934 1105 3403">
     <span class='ocr_line' id='line_1_50' title="bbox 113 2934 1104 2983; baseline 0.008 -15"><span class='ocrx_word' id='word_1_366' title='bbox 113 2934 438 2970; x_wconf 80' lang='lat' dir='ltr'>Praeter&#39;historicum</span> <span class='ocrx_word' id='word_1_367' title='bbox 450 2939 640 2972; x_wconf 81' lang='lat' dir='ltr'>laudantur:</span> <span class='ocrx_word' id='word_1_368' title='bbox 659 2943 692 2980; x_wconf 90' lang='lat'>1,</span> <span class='ocrx_word' id='word_1_369' title='bbox 713 2941 946 2983; x_wconf 82' lang='lat' dir='ltr'>Theopompus</span> <span class='ocrx_word' id='word_1_370' title='bbox 967 2952 1030 2976; x_wconf 80' lang='lat' dir='ltr'>rex</span> <span class='ocrx_word' id='word_1_371' title='bbox 1044 2945 1104 2976; x_wconf 86' lang='lat' dir='ltr'>La-</span> 
     </span>
     <span class='ocr_line' id='line_1_51' title="bbox 73 2981 1104 3029; baseline 0.008 -15"><span class='ocrx_word' id='word_1_372' title='bbox 73 2981 420 3017; x_wconf 83' lang='lat' dir='ltr'>cedaemom&#39;orum.——</span> <span class='ocrx_word' id='word_1_373' title='bbox 433 2991 464 3026; x_wconf 88' lang='lat'>2,</span> <span class='ocrx_word' id='word_1_374' title='bbox 483 2986 715 3027; x_wconf 82' lang='lat' dir='ltr'>Theopompus</span> <span class='ocrx_word' id='word_1_375' title='bbox 738 2987 932 3029; x_wconf 88' lang='lat' dir='ltr'>Thessalus,</span> <span class='ocrx_word' id='word_1_376' title='bbox 959 2989 995 3021; x_wconf 89' lang='lat' dir='ltr'>in</span> <span class='ocrx_word' id='word_1_377' title='bbox 1018 2990 1104 3022; x_wconf 92' lang='lat' dir='ltr'>ludis</span> 
     </span>
     <span class='ocr_line' id='line_1_52' title="bbox 74 3030 1102 3078; baseline 0.007 -16"><span class='ocrx_word' id='word_1_378' title='bbox 74 3030 249 3072; x_wconf 84' lang='lat' dir='ltr'>Olympicis</span> <span class='ocrx_word' id='word_1_379' title='bbox 262 3031 368 3064; x_wconf 75' lang='lat' dir='ltr'>victor</span> <span class='ocrx_word' id='word_1_380' title='bbox 383 3033 436 3067; x_wconf 79' lang='grc'>01.</span> <span class='ocrx_word' id='word_1_381' title='bbox 453 3036 504 3066; x_wconf 89' lang='grc'>86.</span> <span class='ocrx_word' id='word_1_382' title='bbox 529 3033 659 3066; x_wconf 85' lang='lat' dir='ltr'>Diodor.</span> <span class='ocrx_word' id='word_1_383' title='bbox 677 3038 746 3074; x_wconf 85' lang='lat' dir='ltr'>XII,</span> <span class='ocrx_word' id='word_1_384' title='bbox 765 3038 817 3075; x_wconf 83' lang='grc'>23;</span> <span class='ocrx_word' id='word_1_385' title='bbox 833 3036 945 3068; x_wconf 87' lang='lat' dir='ltr'>Euseb.</span> <span class='ocrx_word' id='word_1_386' title='bbox 964 3040 1052 3069; x_wconf 83' lang='lat' dir='ltr'>Arm.</span> <span class='ocrx_word' id='word_1_387' title='bbox 1069 3047 1102 3078; x_wconf 90' lang='lat' dir='ltr'>p.</span> 
     </span>
     <span class='ocr_line' id='line_1_53' title="bbox 76 3077 1101 3123; baseline 0.004 -13"><span class='ocrx_word' id='word_1_388' title='bbox 76 3079 135 3110; x_wconf 87' lang='grc'>150</span> <span class='ocrx_word' id='word_1_389' title='bbox 149 3077 198 3109; x_wconf 88' lang='lat' dir='ltr'>ed.</span> <span class='ocrx_word' id='word_1_390' title='bbox 214 3078 379 3119; x_wconf 65' lang='lat' dir='ltr'>Mai—3,</span> <span class='ocrx_word' id='word_1_391' title='bbox 398 3080 630 3122; x_wconf 81' lang='lat' dir='ltr'>Theopompus</span> <span class='ocrx_word' id='word_1_392' title='bbox 643 3081 774 3114; x_wconf 86' lang='lat' dir='ltr'>archon</span> <span class='ocrx_word' id='word_1_393' title='bbox 787 3083 837 3114; x_wconf 94' lang='lat' dir='ltr'>ol.</span> <span class='ocrx_word' id='word_1_394' title='bbox 853 3087 907 3123; x_wconf 82' lang='grc'>92,</span> <span class='ocrx_word' id='word_1_395' title='bbox 922 3087 952 3115; x_wconf 87' lang='lat'>2.</span> <span class='ocrx_word' id='word_1_396' title='bbox 971 3084 1101 3116; x_wconf 89' lang='lat' dir='ltr'>Diodor.</span> 
     </span>
     <span class='ocr_line' id='line_1_54' title="bbox 74 3125 1105 3171; baseline 0.009 -17"><span class='ocrx_word' id='word_1_397' title='bbox 74 3125 158 3164; x_wconf 86' lang='lat' dir='ltr'>XIII,</span> <span class='ocrx_word' id='word_1_398' title='bbox 173 3127 224 3164; x_wconf 86' lang='grc'>38;</span> <span class='ocrx_word' id='word_1_399' title='bbox 239 3125 324 3157; x_wconf 88' lang='lat' dir='ltr'>Plut.</span> <span class='ocrx_word' id='word_1_400' title='bbox 339 3127 453 3158; x_wconf 86' lang='lat' dir='ltr'>Moral.</span> <span class='ocrx_word' id='word_1_401' title='bbox 479 3136 512 3168; x_wconf 92' lang='lat' dir='ltr'>p.</span> <span class='ocrx_word' id='word_1_402' title='bbox 537 3130 610 3167; x_wconf 87' lang='lat'>833,</span> <span class='ocrx_word' id='word_1_403' title='bbox 624 3132 665 3168; x_wconf 92' lang='lat' dir='ltr'>D;</span> <span class='ocrx_word' id='word_1_404' title='bbox 678 3132 748 3169; x_wconf 86' lang='lat' dir='ltr'>Lys.</span> <span class='ocrx_word' id='word_1_405' title='bbox 773 3138 805 3170; x_wconf 90' lang='lat' dir='ltr'>p.</span> <span class='ocrx_word' id='word_1_406' title='bbox 837 3133 908 3170; x_wconf 90' lang='grc'>161,</span> <span class='ocrx_word' id='word_1_407' title='bbox 925 3134 978 3171; x_wconf 89' lang='grc'>33;</span> <span class='ocrx_word' id='word_1_408' title='bbox 1003 3131 1105 3163; x_wconf 88' lang='lat' dir='ltr'>Philo-</span> 
     </span>
     <span class='ocr_line' id='line_1_55' title="bbox 74 3169 1105 3219; baseline 0.01 -18"><span class='ocrx_word' id='word_1_409' title='bbox 74 3169 162 3202; x_wconf 78' lang='lat' dir='ltr'>chor.</span> <span class='ocrx_word' id='word_1_410' title='bbox 177 3179 228 3212; x_wconf 84' lang='lat' dir='ltr'>ap.</span> <span class='ocrx_word' id='word_1_411' title='bbox 245 3173 351 3205; x_wconf 83' lang='lat' dir='ltr'>schol.</span> <span class='ocrx_word' id='word_1_412' title='bbox 366 3174 474 3215; x_wconf 84' lang='lat' dir='ltr'>Eurip.</span> <span class='ocrx_word' id='word_1_413' title='bbox 489 3175 594 3206; x_wconf 84' lang='lat' dir='ltr'>orest.</span> <span class='ocrx_word' id='word_1_414' title='bbox 613 3177 670 3207; x_wconf 90' lang='lat'>371</span> <span class='ocrx_word' id='word_1_415' title='bbox 688 3177 720 3208; x_wconf 87' lang='lat' dir='ltr'>et</span> <span class='ocrx_word' id='word_1_416' title='bbox 733 3179 807 3208; x_wconf 86' lang='grc'>771.</span> <span class='ocrx_word' id='word_1_417' title='bbox 821 3195 863 3202; x_wconf 84' lang='lat'>--</span> <span class='ocrx_word' id='word_1_418' title='bbox 874 3181 905 3217; x_wconf 80' lang='lat'>4,</span> <span class='ocrx_word' id='word_1_419' title='bbox 926 3173 1105 3219; x_wconf 85' lang='lat' dir='ltr'>Theopom-</span> 
     </span>
     <span class='ocr_line' id='line_1_56' title="bbox 73 3218 1104 3267; baseline 0.01 -18"><span class='ocrx_word' id='word_1_420' title='bbox 73 3225 139 3257; x_wconf 83' lang='lat' dir='ltr'>pus</span> <span class='ocrx_word' id='word_1_421' title='bbox 150 3218 375 3260; x_wconf 72' lang='lat' dir='ltr'>Atheniensis,</span> <span class='ocrx_word' id='word_1_422' title='bbox 388 3223 484 3262; x_wconf 87' lang='lat' dir='ltr'>poeta</span> <span class='ocrx_word' id='word_1_423' title='bbox 500 3222 655 3263; x_wconf 89' lang='lat' dir='ltr'>comicus,</span> <span class='ocrx_word' id='word_1_424' title='bbox 671 3224 888 3265; x_wconf 83' lang='lat' dir='ltr'>Aristophanis</span> <span class='ocrx_word' id='word_1_425' title='bbox 901 3226 1041 3267; x_wconf 79' lang='lat' dir='ltr'>aequalis.</span> <span class='ocrx_word' id='word_1_426' title='bbox 1058 3231 1104 3259; x_wconf 91' lang='lat' dir='ltr'>De</span> 
     </span>
     <span class='ocr_line' id='line_1_57' title="bbox 73 3263 1102 3315; baseline 0.011 -20"><span class='ocrx_word' id='word_1_427' title='bbox 73 3263 136 3296; x_wconf 88' lang='lat' dir='ltr'>hoc</span> <span class='ocrx_word' id='word_1_428' title='bbox 149 3265 282 3305; x_wconf 75' lang='lat' dir='ltr'>eiusque</span> <span class='ocrx_word' id='word_1_429' title='bbox 294 3267 410 3300; x_wconf 77' lang='lat' dir='ltr'>fabulis</span> <span class='ocrx_word' id='word_1_430' title='bbox 416 3268 490 3301; x_wconf 87' lang='lat' dir='ltr'>vide</span> <span class='ocrx_word' id='word_1_431' title='bbox 507 3270 653 3303; x_wconf 84' lang='lat' dir='ltr'>Meineke</span> <span class='ocrx_word' id='word_1_432' title='bbox 678 3272 799 3304; x_wconf 79' lang='lat' dir='ltr'>Hister.</span> <span class='ocrx_word' id='word_1_433' title='bbox 808 3276 898 3305; x_wconf 89' lang='lat' dir='ltr'>Com.</span> <span class='ocrx_word' id='word_1_434' title='bbox 919 3282 952 3314; x_wconf 90' lang='lat' dir='ltr'>p.</span> <span class='ocrx_word' id='word_1_435' title='bbox 965 3276 1024 3306; x_wconf 83' lang='lat'>236</span> <span class='ocrx_word' id='word_1_436' title='bbox 1032 3283 1102 3315; x_wconf 80' lang='lat' dir='ltr'>sqq,</span> 
     </span>
     <span class='ocr_line' id='line_1_58' title="bbox 72 3310 1105 3360; baseline 0.012 -19"><span class='ocrx_word' id='word_1_437' title='bbox 72 3310 121 3358; x_wconf 45' lang='lat' dir='ltr'>A·d</span> <span class='ocrx_word' id='word_1_438' title='bbox 136 3311 223 3343; x_wconf 84' lang='lat' dir='ltr'>hunc</span> <span class='ocrx_word' id='word_1_439' title='bbox 238 3312 439 3346; x_wconf 79' lang='lat' dir='ltr'>referendum</span> <span class='ocrx_word' id='word_1_440' title='bbox 457 3317 505 3348; x_wconf 85' lang='lat' dir='ltr'>est</span> <span class='ocrx_word' id='word_1_441' title='bbox 526 3317 638 3357; x_wconf 78' lang='lat' dir='ltr'>fragm.</span> <span class='ocrx_word' id='word_1_442' title='bbox 656 3321 867 3360; x_wconf 78' lang='lat' dir='ltr'>299,propter</span> <span class='ocrx_word' id='word_1_443' title='bbox 879 3321 986 3352; x_wconf 91' lang='lat' dir='ltr'>locum</span> <span class='ocrx_word' id='word_1_444' title='bbox 1002 3322 1105 3352; x_wconf 88' lang='lat' dir='ltr'>Pollu-</span> 
     </span>
     <span class='ocr_line' id='line_1_59' title="bbox 73 3353 1105 3403; baseline 0.01 -20"><span class='ocrx_word' id='word_1_445' title='bbox 73 3360 119 3383; x_wconf 78' lang='lat' dir='ltr'>cis</span> <span class='ocrx_word' id='word_1_446' title='bbox 128 3356 166 3393; x_wconf 86' lang='lat' dir='ltr'>X,</span> <span class='ocrx_word' id='word_1_447' title='bbox 183 3353 316 3393; x_wconf 85' lang='lat' dir='ltr'>118,uhi</span> <span class='ocrx_word' id='word_1_448' title='bbox 328 3355 414 3387; x_wconf 77' lang='lat' dir='ltr'>liaec:</span> <span class='ocrx_word' id='word_1_449' title='bbox 428 3357 463 3388; x_wconf 88' lang='grc' dir='ltr'>τὸ</span> <span class='ocrx_word' id='word_1_450' title='bbox 478 3358 511 3389; x_wconf 84' lang='grc' dir='ltr'>δὲ</span> <span class='ocrx_word' id='word_1_451' title='bbox 526 3358 793 3401; x_wconf 78' lang='grc' dir='ltr'>ὀὸελισκολύχνιον</span> <span class='ocrx_word' id='word_1_452' title='bbox 809 3363 1028 3403; x_wconf 85' lang='grc' dir='ltr'>στρατιωτικὸν</span> <span class='ocrx_word' id='word_1_453' title='bbox 1038 3363 1105 3402; x_wconf 48' lang='grc' dir='ltr'>μέν*</span> 
     </span>
    </p>

    <p class='ocr_par' dir='ltr' id='par_1_8' title="bbox 195 3414 695 3448">
     <span class='ocr_line' id='line_1_60' title="bbox 195 3414 695 3448; baseline 0.01 -7"><span class='ocrx_word' id='word_1_454' title='bbox 195 3414 426 3444; x_wconf 65' lang='lat' dir='ltr'>Pnomcouexs</span> <span class='ocrx_word' id='word_1_455' title='bbox 451 3422 483 3445; x_wconf 70' lang='lat' dir='ltr'>ix</span> <span class='ocrx_word' id='word_1_456' title='bbox 498 3416 695 3448; x_wconf 77' lang='lat' dir='ltr'>Hismmcos.</span> 
     </span>
    </p>
   </div>
   <div class='ocr_carea' id='block_1_7' title="bbox 2122 154 2202 181">
    <p class='ocr_par' dir='ltr' id='par_1_9' title="bbox 2122 154 2202 181">
     <span class='ocr_line' id='line_1_61' title="bbox 2122 154 2202 181; baseline 0 0"><span class='ocrx_word' id='word_1_457' title='bbox 2122 154 2202 181; x_wconf 56' lang='lat' dir='ltr'>LXV</span> 
     </span>
    </p>
   </div>
   <div class='ocr_carea' id='block_1_8' title="bbox 1164 222 2204 1811">
    <p class='ocr_par' dir='ltr' id='par_1_10' title="bbox 1164 222 2204 1811">
     <span class='ocr_line' id='line_1_62' title="bbox 1176 222 2202 277; baseline 0.007 -17"><span class='ocrx_word' id='word_1_458' title='bbox 1176 222 1248 261; x_wconf 89' lang='lat' dir='ltr'>bus</span> <span class='ocrx_word' id='word_1_459' title='bbox 1276 225 1385 262; x_wconf 91' lang='lat' dir='ltr'>annis</span> <span class='ocrx_word' id='word_1_460' title='bbox 1419 233 1527 275; x_wconf 91' lang='lat' dir='ltr'>post,</span> <span class='ocrx_word' id='word_1_461' title='bbox 1559 224 1628 263; x_wconf 87' lang='lat' dir='ltr'>ubi</span> <span class='ocrx_word' id='word_1_462' title='bbox 1660 224 1778 264; x_wconf 87' lang='lat' dir='ltr'>Chius</span> <span class='ocrx_word' id='word_1_463' title='bbox 1798 226 1940 270; x_wconf 85' lang='lat' dir='ltr'>insula,</span> <span class='ocrx_word' id='word_1_464' title='bbox 1962 241 2046 277; x_wconf 90' lang='lat' dir='ltr'>quae</span> <span class='ocrx_word' id='word_1_465' title='bbox 2074 228 2202 267; x_wconf 89' lang='lat' dir='ltr'>denuo</span> 
     </span>
     <span class='ocr_line' id='line_1_63' title="bbox 1171 284 2202 336; baseline 0.007 -18"><span class='ocrx_word' id='word_1_466' title='bbox 1171 291 1330 320; x_wconf 85' lang='lat' dir='ltr'>venerat</span> <span class='ocrx_word' id='word_1_467' title='bbox 1350 284 1390 321; x_wconf 90' lang='lat' dir='ltr'>in</span> <span class='ocrx_word' id='word_1_468' title='bbox 1411 287 1611 322; x_wconf 84' lang='lat' dir='ltr'>Persarum</span> <span class='ocrx_word' id='word_1_469' title='bbox 1636 293 1886 336; x_wconf 87' lang='lat' dir='ltr'>potestatem,</span> <span class='ocrx_word' id='word_1_470' title='bbox 1909 286 2113 325; x_wconf 86' lang='lat' dir='ltr'>Alexandri</span> <span class='ocrx_word' id='word_1_471' title='bbox 2133 302 2202 325; x_wconf 88' lang='lat' dir='ltr'>eo—</span> 
     </span>
     <span class='ocr_line' id='line_1_64' title="bbox 1172 339 2201 399; baseline 0.008 -22"><span class='ocrx_word' id='word_1_472' title='bbox 1172 339 1244 388; x_wconf 91' lang='lat' dir='ltr'>piis</span> <span class='ocrx_word' id='word_1_473' title='bbox 1272 341 1483 380; x_wconf 81' lang='lat' dir='ltr'>deliberata</span> <span class='ocrx_word' id='word_1_474' title='bbox 1514 352 1572 380; x_wconf 89' lang='lat' dir='ltr'>est</span> <span class='ocrx_word' id='word_1_475' title='bbox 1598 343 1671 395; x_wconf 69' lang='lat' dir='ltr'>(cf.</span> <span class='ocrx_word' id='word_1_476' title='bbox 1704 345 1859 382; x_wconf 90' lang='lat' dir='ltr'>Clinton</span> <span class='ocrx_word' id='word_1_477' title='bbox 1893 348 1934 383; x_wconf 92' lang='lat' dir='ltr'>F.</span> <span class='ocrx_word' id='word_1_478' title='bbox 1955 347 2000 383; x_wconf 93' lang='lat' dir='ltr'>H.</span> <span class='ocrx_word' id='word_1_479' title='bbox 2030 360 2068 398; x_wconf 91' lang='lat' dir='ltr'>p.</span> <span class='ocrx_word' id='word_1_480' title='bbox 2098 347 2201 399; x_wconf 85' lang='lat'>385).</span> 
     </span>
     <span class='ocr_line' id='line_1_65' title="bbox 1170 401 2202 455; baseline 0.01 -21"><span class='ocrx_word' id='word_1_481' title='bbox 1170 401 1376 449; x_wconf 79' lang='lat' dir='ltr'>Utcunque</span> <span class='ocrx_word' id='word_1_482' title='bbox 1393 402 1441 438; x_wconf 88' lang='lat' dir='ltr'>sit</span> <span class='ocrx_word' id='word_1_483' title='bbox 1460 403 1568 450; x_wconf 87' lang='lat' dir='ltr'>(nam</span> <span class='ocrx_word' id='word_1_484' title='bbox 1587 402 1634 440; x_wconf 87' lang='lat' dir='ltr'>ad</span> <span class='ocrx_word' id='word_1_485' title='bbox 1650 416 1791 440; x_wconf 86' lang='lat' dir='ltr'>annum</span> <span class='ocrx_word' id='word_1_486' title='bbox 1808 417 1867 441; x_wconf 89' lang='lat' dir='ltr'>res</span> <span class='ocrx_word' id='word_1_487' title='bbox 1890 405 1951 442; x_wconf 85' lang='lat' dir='ltr'>vix</span> <span class='ocrx_word' id='word_1_488' title='bbox 1973 406 2117 455; x_wconf 85' lang='lat' dir='ltr'>poterit</span> <span class='ocrx_word' id='word_1_489' title='bbox 2139 420 2202 444; x_wconf 89' lang='lat' dir='ltr'>ex-</span> 
     </span>
     <span class='ocr_line' id='line_1_66' title="bbox 1172 457 2202 513; baseline 0.01 -21"><span class='ocrx_word' id='word_1_490' title='bbox 1172 457 1324 507; x_wconf 88' lang='lat' dir='ltr'>pendi),</span> <span class='ocrx_word' id='word_1_491' title='bbox 1344 460 1487 497; x_wconf 82' lang='lat' dir='ltr'>natales</span> <span class='ocrx_word' id='word_1_492' title='bbox 1513 461 1757 513; x_wconf 89' lang='lat' dir='ltr'>Theopompi</span> <span class='ocrx_word' id='word_1_493' title='bbox 1775 463 1985 500; x_wconf 88' lang='lat' dir='ltr'>referendae</span> <span class='ocrx_word' id='word_1_494' title='bbox 2012 472 2125 502; x_wconf 89' lang='lat' dir='ltr'>erunt</span> <span class='ocrx_word' id='word_1_495' title='bbox 2155 465 2202 502; x_wconf 90' lang='lat' dir='ltr'>ad</span> 
     </span>
     <span class='ocr_line' id='line_1_67' title="bbox 1171 515 2201 574; baseline 0.01 -23"><span class='ocrx_word' id='word_1_496' title='bbox 1171 515 1326 566; x_wconf 90' lang='lat' dir='ltr'>Olymp.</span> <span class='ocrx_word' id='word_1_497' title='bbox 1355 530 1439 555; x_wconf 84' lang='lat'>100.</span> <span class='ocrx_word' id='word_1_498' title='bbox 1459 519 1665 557; x_wconf 86' lang='lat' dir='ltr'>Difficilior</span> <span class='ocrx_word' id='word_1_499' title='bbox 1684 530 1740 558; x_wconf 88' lang='lat' dir='ltr'>est</span> <span class='ocrx_word' id='word_1_500' title='bbox 1761 522 1881 559; x_wconf 87' lang='lat' dir='ltr'>altera</span> <span class='ocrx_word' id='word_1_501' title='bbox 1901 523 2079 573; x_wconf 84' lang='lat' dir='ltr'>quaestio,</span> <span class='ocrx_word' id='word_1_502' title='bbox 2100 537 2201 574; x_wconf 87' lang='lat' dir='ltr'>quo-</span> 
     </span>
     <span class='ocr_line' id='line_1_68' title="bbox 1170 579 2201 631; baseline 0.012 -22"><span class='ocrx_word' id='word_1_503' title='bbox 1170 586 1256 610; x_wconf 87' lang='lat' dir='ltr'>nam</span> <span class='ocrx_word' id='word_1_504' title='bbox 1278 587 1380 612; x_wconf 89' lang='lat' dir='ltr'>anno</span> <span class='ocrx_word' id='word_1_505' title='bbox 1396 579 1536 614; x_wconf 80' lang='lat' dir='ltr'>Noster</span> <span class='ocrx_word' id='word_1_506' title='bbox 1555 592 1631 615; x_wconf 87' lang='lat' dir='ltr'>una</span> <span class='ocrx_word' id='word_1_507' title='bbox 1648 593 1734 617; x_wconf 90' lang='lat' dir='ltr'>cum</span> <span class='ocrx_word' id='word_1_508' title='bbox 1755 590 1913 631; x_wconf 83' lang='lat' dir='ltr'>parente</span> <span class='ocrx_word' id='word_1_509' title='bbox 1932 583 2057 620; x_wconf 89' lang='lat' dir='ltr'>solum</span> <span class='ocrx_word' id='word_1_510' title='bbox 2077 584 2201 620; x_wconf 81' lang='lat' dir='ltr'>natale</span> 
     </span>
     <span class='ocr_line' id='line_1_69' title="bbox 1169 633 2201 685; baseline 0.01 -16"><span class='ocrx_word' id='word_1_511' title='bbox 1169 633 1381 683; x_wconf 82' lang='lat' dir='ltr'>reliquerit.</span> <span class='ocrx_word' id='word_1_512' title='bbox 1415 634 1610 685; x_wconf 82' lang='lat' dir='ltr'>Pssugkius</span> <span class='ocrx_word' id='word_1_513' title='bbox 1639 639 1958 678; x_wconf 80' lang='lat' dir='ltr'>Damasistratum</span> <span class='ocrx_word' id='word_1_514' title='bbox 1994 655 2079 679; x_wconf 90' lang='lat' dir='ltr'>cum</span> <span class='ocrx_word' id='word_1_515' title='bbox 2118 642 2201 679; x_wconf 87' lang='lat' dir='ltr'>aliis</span> 
     </span>
     <span class='ocr_line' id='line_1_70' title="bbox 1170 691 2201 751; baseline 0.012 -24"><span class='ocrx_word' id='word_1_516' title='bbox 1170 691 1424 741; x_wconf 87' lang='lat' dir='ltr'>optimatibus</span> <span class='ocrx_word' id='word_1_517' title='bbox 1453 695 1657 744; x_wconf 82' lang='lat' dir='ltr'>expulsum</span> <span class='ocrx_word' id='word_1_518' title='bbox 1683 698 1838 747; x_wconf 87' lang='lat' dir='ltr'>conjicit</span> <span class='ocrx_word' id='word_1_519' title='bbox 1861 700 2018 751; x_wconf 85' lang='lat' dir='ltr'>Olymp.</span> <span class='ocrx_word' id='word_1_520' title='bbox 2051 713 2138 749; x_wconf 91' lang='lat'>100,</span> <span class='ocrx_word' id='word_1_521' title='bbox 2165 707 2201 748; x_wconf 63' lang='lat'>(⁸,</span> 
     </span>
     <span class='ocr_line' id='line_1_71' title="bbox 1169 751 2201 807; baseline 0.012 -21"><span class='ocrx_word' id='word_1_522' title='bbox 1169 763 1290 800; x_wconf 90' lang='lat' dir='ltr'>quum</span> <span class='ocrx_word' id='word_1_523' title='bbox 1310 751 1584 799; x_wconf 84' lang='lat' dir='ltr'>Athenienses,</span> <span class='ocrx_word' id='word_1_524' title='bbox 1607 755 1900 795; x_wconf 77' lang='lat' dir='ltr'>Lacedaemoniis</span> <span class='ocrx_word' id='word_1_525' title='bbox 1923 759 2084 807; x_wconf 82' lang='lat' dir='ltr'>infensi,</span> <span class='ocrx_word' id='word_1_526' title='bbox 2106 760 2201 798; x_wconf 85' lang='lat' dir='ltr'>sub-</span> 
     </span>
     <span class='ocr_line' id='line_1_72' title="bbox 1164 807 2201 864; baseline 0.012 -19"><span class='ocrx_word' id='word_1_527' title='bbox 1164 807 1288 859; x_wconf 85' lang='lat' dir='ltr'>jectas</span> <span class='ocrx_word' id='word_1_528' title='bbox 1324 807 1518 858; x_wconf 84' lang='lat' dir='ltr'>civitates,</span> <span class='ocrx_word' id='word_1_529' title='bbox 1554 811 1679 850; x_wconf 86' lang='lat' dir='ltr'>missis</span> <span class='ocrx_word' id='word_1_530' title='bbox 1710 813 1861 864; x_wconf 83' lang='lat' dir='ltr'>legatis,</span> <span class='ocrx_word' id='word_1_531' title='bbox 1894 817 1942 854; x_wconf 91' lang='lat' dir='ltr'>ad</span> <span class='ocrx_word' id='word_1_532' title='bbox 1980 819 2201 856; x_wconf 85' lang='lat' dir='ltr'>societatem</span> 
     </span>
     <span class='ocr_line' id='line_1_73' title="bbox 1169 867 2202 915; baseline 0.012 -11"><span class='ocrx_word' id='word_1_533' title='bbox 1169 867 1260 906; x_wconf 90' lang='lat' dir='ltr'>belli</span> <span class='ocrx_word' id='word_1_534' title='bbox 1280 877 1415 906; x_wconf 87' lang='lat' dir='ltr'>contra</span> <span class='ocrx_word' id='word_1_535' title='bbox 1434 882 1656 908; x_wconf 88' lang='lat' dir='ltr'>communes</span> <span class='ocrx_word' id='word_1_536' title='bbox 1679 875 1849 911; x_wconf 88' lang='lat' dir='ltr'>omnium</span> <span class='ocrx_word' id='word_1_537' title='bbox 1871 875 2058 914; x_wconf 82' lang='lat' dir='ltr'>libertatis</span> <span class='ocrx_word' id='word_1_538' title='bbox 2071 878 2202 915; x_wconf 78' lang='lat' dir='ltr'>hostes</span> 
     </span>
     <span class='ocr_line' id='line_1_74' title="bbox 1169 927 2202 982; baseline 0.011 -18"><span class='ocrx_word' id='word_1_539' title='bbox 1169 927 1327 976; x_wconf 86' lang='lat' dir='ltr'>gerendi</span> <span class='ocrx_word' id='word_1_540' title='bbox 1351 928 1631 977; x_wconf 88' lang='lat' dir='ltr'>concitassent,</span> <span class='ocrx_word' id='word_1_541' title='bbox 1647 931 1842 982; x_wconf 84' lang='lat' dir='ltr'>primique</span> <span class='ocrx_word' id='word_1_542' title='bbox 1861 934 1945 972; x_wconf 89' lang='lat' dir='ltr'>Chii</span> <span class='ocrx_word' id='word_1_543' title='bbox 1959 936 1998 973; x_wconf 92' lang='lat' dir='ltr'>in</span> <span class='ocrx_word' id='word_1_544' title='bbox 2016 936 2202 975; x_wconf 89' lang='lat' dir='ltr'>defectio—</span> 
     </span>
     <span class='ocr_line' id='line_1_75' title="bbox 1168 987 2202 1042; baseline 0.013 -21"><span class='ocrx_word' id='word_1_545' title='bbox 1168 997 1255 1022; x_wconf 91' lang='lat' dir='ltr'>nem</span> <span class='ocrx_word' id='word_1_546' title='bbox 1277 987 1569 1024; x_wconf 83' lang='lat' dir='ltr'>consensissent.</span> <span class='ocrx_word' id='word_1_547' title='bbox 1603 988 1762 1026; x_wconf 90' lang='lat' dir='ltr'>Diodor.</span> <span class='ocrx_word' id='word_1_548' title='bbox 1795 994 1881 1039; x_wconf 84' lang='lat' dir='ltr'>XV,</span> <span class='ocrx_word' id='word_1_549' title='bbox 1908 994 1970 1030; x_wconf 83' lang='lat'>28.</span> <span class='ocrx_word' id='word_1_550' title='bbox 1997 1013 2010 1025; x_wconf 65' lang='lat' dir='ltr'>u</span> <span class='ocrx_word' id='word_1_551' title='bbox 2032 995 2146 1042; x_wconf 87' lang='lat' dir='ltr'>Quod</span> <span class='ocrx_word' id='word_1_552' title='bbox 2171 997 2202 1034; x_wconf 88' lang='lat' dir='ltr'>si</span> 
     </span>
     <span class='ocr_line' id='line_1_76' title="bbox 1169 1046 2200 1101; baseline 0.01 -19"><span class='ocrx_word' id='word_1_553' title='bbox 1169 1057 1304 1082; x_wconf 88' lang='lat' dir='ltr'>verum</span> <span class='ocrx_word' id='word_1_554' title='bbox 1325 1054 1398 1094; x_wconf 84' lang='lat' dir='ltr'>est,</span> <span class='ocrx_word' id='word_1_555' title='bbox 1430 1046 1506 1094; x_wconf 86' lang='lat' dir='ltr'>ait,</span> <span class='ocrx_word' id='word_1_556' title='bbox 1541 1055 1585 1084; x_wconf 91' lang='lat' dir='ltr'>ut</span> <span class='ocrx_word' id='word_1_557' title='bbox 1613 1056 1670 1085; x_wconf 88' lang='lat' dir='ltr'>est</span> <span class='ocrx_word' id='word_1_558' title='bbox 1704 1050 2043 1101; x_wconf 79' lang='lat' dir='ltr'>verisimillimum,</span> <span class='ocrx_word' id='word_1_559' title='bbox 2067 1055 2200 1092; x_wconf 89' lang='lat' dir='ltr'>Theo-</span> 
     </span>
     <span class='ocr_line' id='line_1_77' title="bbox 1169 1107 2202 1158; baseline 0.009 -17"><span class='ocrx_word' id='word_1_560' title='bbox 1169 1118 1358 1156; x_wconf 90' lang='lat' dir='ltr'>pompum</span> <span class='ocrx_word' id='word_1_561' title='bbox 1388 1114 1555 1156; x_wconf 77' lang='lat' dir='ltr'>paternae</span> <span class='ocrx_word' id='word_1_562' title='bbox 1587 1107 1811 1146; x_wconf 84' lang='lat' dir='ltr'>calamitatis</span> <span class='ocrx_word' id='word_1_563' title='bbox 1843 1110 2009 1158; x_wconf 90' lang='lat' dir='ltr'>socium,</span> <span class='ocrx_word' id='word_1_564' title='bbox 2035 1121 2113 1149; x_wconf 88' lang='lat' dir='ltr'>tum</span> <span class='ocrx_word' id='word_1_565' title='bbox 2133 1114 2202 1150; x_wconf 80' lang='lat' dir='ltr'>ad-</span> 
     </span>
     <span class='ocr_line' id='line_1_78' title="bbox 1169 1165 2202 1219; baseline 0.01 -18"><span class='ocrx_word' id='word_1_566' title='bbox 1169 1165 1327 1202; x_wconf 87' lang='lat' dir='ltr'>modum</span> <span class='ocrx_word' id='word_1_567' title='bbox 1361 1173 1490 1203; x_wconf 87' lang='lat' dir='ltr'>tenera</span> <span class='ocrx_word' id='word_1_568' title='bbox 1521 1174 1634 1204; x_wconf 85' lang='lat' dir='ltr'>aetate</span> <span class='ocrx_word' id='word_1_569' title='bbox 1671 1167 1787 1205; x_wconf 86' lang='lat' dir='ltr'>fuisse</span> <span class='ocrx_word' id='word_1_570' title='bbox 1821 1178 1987 1219; x_wconf 86' lang='lat' dir='ltr'>oportet.</span> <span class='ocrx_word' id='word_1_571' title='bbox 2021 1175 2116 1219; x_wconf 86' lang='lat' dir='ltr'>Quae</span> <span class='ocrx_word' id='word_1_572' title='bbox 2141 1187 2202 1211; x_wconf 86' lang='lat' dir='ltr'>res</span> 
     </span>
     <span class='ocr_line' id='line_1_79' title="bbox 1169 1223 2201 1282; baseline 0.008 -21"><span class='ocrx_word' id='word_1_573' title='bbox 1169 1232 1317 1262; x_wconf 89' lang='lat' dir='ltr'>tantum</span> <span class='ocrx_word' id='word_1_574' title='bbox 1357 1223 1466 1262; x_wconf 89' lang='lat' dir='ltr'>abest</span> <span class='ocrx_word' id='word_1_575' title='bbox 1487 1233 1531 1262; x_wconf 91' lang='lat' dir='ltr'>ut</span> <span class='ocrx_word' id='word_1_576' title='bbox 1551 1226 1707 1263; x_wconf 81' lang='lat' dir='ltr'>officere</span> <span class='ocrx_word' id='word_1_577' title='bbox 1730 1235 1874 1265; x_wconf 86' lang='lat' dir='ltr'>nostrae</span> <span class='ocrx_word' id='word_1_578' title='bbox 1894 1230 2090 1267; x_wconf 83' lang='lat' dir='ltr'>sententiae</span> <span class='ocrx_word' id='word_1_579' title='bbox 2110 1245 2201 1282; x_wconf 85' lang='lat' dir='ltr'>pos-</span> 
     </span>
     <span class='ocr_line' id='line_1_80' title="bbox 1169 1284 2203 1330; baseline 0.007 -10"><span class='ocrx_word' id='word_1_580' title='bbox 1169 1284 1234 1330; x_wconf 86' lang='lat' dir='ltr'>sit,</span> <span class='ocrx_word' id='word_1_581' title='bbox 1265 1291 1309 1321; x_wconf 90' lang='lat' dir='ltr'>ut</span> <span class='ocrx_word' id='word_1_582' title='bbox 1338 1296 1423 1321; x_wconf 88' lang='lat' dir='ltr'>eam</span> <span class='ocrx_word' id='word_1_583' title='bbox 1449 1284 1564 1321; x_wconf 86' lang='lat' dir='ltr'>etiam</span> <span class='ocrx_word' id='word_1_584' title='bbox 1588 1285 1818 1323; x_wconf 84' lang='lat' dir='ltr'>confirmare</span> <span class='ocrx_word' id='word_1_585' title='bbox 1841 1286 2030 1325; x_wconf 84' lang='lat' dir='ltr'>videatur.</span> <span class='ocrx_word' id='word_1_586' title='bbox 2055 1292 2149 1326; x_wconf 84' lang='lat' dir='ltr'>Nam</span> <span class='ocrx_word' id='word_1_587' title='bbox 2172 1292 2203 1328; x_wconf 88' lang='lat' dir='ltr'>si</span> 
     </span>
     <span class='ocr_line' id='line_1_81' title="bbox 1168 1341 2201 1397; baseline 0.006 -18"><span class='ocrx_word' id='word_1_588' title='bbox 1168 1342 1254 1392; x_wconf 89' lang='lat' dir='ltr'>quis</span> <span class='ocrx_word' id='word_1_589' title='bbox 1270 1342 1398 1380; x_wconf 88' lang='lat' dir='ltr'>Photii</span> <span class='ocrx_word' id='word_1_590' title='bbox 1416 1341 1558 1390; x_wconf 84' lang='lat' dir='ltr'>verba,</span> <span class='ocrx_word' id='word_1_591' title='bbox 1580 1356 1602 1380; x_wconf 85' lang='lat' dir='ltr'>a</span> <span class='ocrx_word' id='word_1_592' title='bbox 1620 1342 1761 1393; x_wconf 89' lang='lat' dir='ltr'>quibus</span> <span class='ocrx_word' id='word_1_593' title='bbox 1783 1344 1907 1382; x_wconf 90' lang='lat' dir='ltr'>omnis</span> <span class='ocrx_word' id='word_1_594' title='bbox 1927 1345 2002 1383; x_wconf 86' lang='lat' dir='ltr'>haec</span> <span class='ocrx_word' id='word_1_595' title='bbox 2023 1347 2201 1397; x_wconf 84' lang='lat' dir='ltr'>disputa—</span> 
     </span>
     <span class='ocr_line' id='line_1_82' title="bbox 1169 1402 2200 1454; baseline 0.006 -16"><span class='ocrx_word' id='word_1_596' title='bbox 1169 1402 1222 1439; x_wconf 86' lang='lat' dir='ltr'>tio</span> <span class='ocrx_word' id='word_1_597' title='bbox 1241 1402 1416 1453; x_wconf 89' lang='lat' dir='ltr'>prosecta</span> <span class='ocrx_word' id='word_1_598' title='bbox 1432 1409 1509 1446; x_wconf 86' lang='lat' dir='ltr'>est,</span> <span class='ocrx_word' id='word_1_599' title='bbox 1529 1403 1659 1453; x_wconf 87' lang='lat' dir='ltr'>paullo</span> <span class='ocrx_word' id='word_1_600' title='bbox 1682 1402 1906 1454; x_wconf 83' lang='lat' dir='ltr'>diligentius</span> <span class='ocrx_word' id='word_1_601' title='bbox 1930 1406 2200 1445; x_wconf 84' lang='lat' dir='ltr'>considerave—</span> 
     </span>
     <span class='ocr_line' id='line_1_83' title="bbox 1167 1460 2204 1514; baseline 0.007 -17"><span class='ocrx_word' id='word_1_602' title='bbox 1167 1462 1237 1507; x_wconf 84' lang='lat' dir='ltr'>rit,</span> <span class='ocrx_word' id='word_1_603' title='bbox 1258 1474 1336 1498; x_wconf 87' lang='lat' dir='ltr'>non</span> <span class='ocrx_word' id='word_1_604' title='bbox 1359 1460 1494 1498; x_wconf 86' lang='lat' dir='ltr'>dubito</span> <span class='ocrx_word' id='word_1_605' title='bbox 1510 1462 1604 1512; x_wconf 91' lang='lat' dir='ltr'>quin</span> <span class='ocrx_word' id='word_1_606' title='bbox 1626 1462 1833 1500; x_wconf 87' lang='lat' dir='ltr'>miraturus</span> <span class='ocrx_word' id='word_1_607' title='bbox 1860 1463 1908 1500; x_wconf 88' lang='lat' dir='ltr'>sit</span> <span class='ocrx_word' id='word_1_608' title='bbox 1928 1465 2053 1514; x_wconf 86' lang='lat' dir='ltr'>primo</span> <span class='ocrx_word' id='word_1_609' title='bbox 2077 1467 2204 1504; x_wconf 87' lang='lat' dir='ltr'>stulti—</span> 
     </span>
     <span class='ocr_line' id='line_1_84' title="bbox 1169 1522 2203 1577; baseline 0.005 -18"><span class='ocrx_word' id='word_1_610' title='bbox 1169 1523 1261 1559; x_wconf 84' lang='lat' dir='ltr'>tiam</span> <span class='ocrx_word' id='word_1_611' title='bbox 1283 1522 1450 1560; x_wconf 87' lang='lat' dir='ltr'>hominis</span> <span class='ocrx_word' id='word_1_612' title='bbox 1476 1523 1565 1573; x_wconf 84' lang='lat' dir='ltr'>qui,</span> <span class='ocrx_word' id='word_1_613' title='bbox 1595 1532 1691 1573; x_wconf 89' lang='lat' dir='ltr'>quot</span> <span class='ocrx_word' id='word_1_614' title='bbox 1715 1537 1835 1561; x_wconf 88' lang='lat' dir='ltr'>annos</span> <span class='ocrx_word' id='word_1_615' title='bbox 1855 1525 2135 1577; x_wconf 86' lang='lat' dir='ltr'>Theopompus</span> <span class='ocrx_word' id='word_1_616' title='bbox 2154 1527 2203 1564; x_wconf 89' lang='lat' dir='ltr'>ab</span> 
     </span>
     <span class='ocr_line' id='line_1_85' title="bbox 1169 1580 2202 1635; baseline 0.005 -17"><span class='ocrx_word' id='word_1_617' title='bbox 1169 1582 1284 1619; x_wconf 86' lang='lat' dir='ltr'>exilio</span> <span class='ocrx_word' id='word_1_618' title='bbox 1310 1580 1463 1619; x_wconf 85' lang='lat' dir='ltr'>rediens</span> <span class='ocrx_word' id='word_1_619' title='bbox 1488 1581 1689 1629; x_wconf 79' lang='lat' dir='ltr'>habuerit,</span> <span class='ocrx_word' id='word_1_620' title='bbox 1717 1592 2014 1631; x_wconf 86' lang='lat' dir='ltr'>commemoret,</span> <span class='ocrx_word' id='word_1_621' title='bbox 2044 1586 2202 1635; x_wconf 88' lang='lat' dir='ltr'>quando</span> 
     </span>
     <span class='ocr_line' id='line_1_86' title="bbox 1168 1640 2204 1695; baseline 0.004 -17"><span class='ocrx_word' id='word_1_622' title='bbox 1168 1648 1282 1678; x_wconf 89' lang='lat' dir='ltr'>natus</span> <span class='ocrx_word' id='word_1_623' title='bbox 1314 1640 1363 1677; x_wconf 87' lang='lat' dir='ltr'>sit</span> <span class='ocrx_word' id='word_1_624' title='bbox 1386 1640 1551 1678; x_wconf 87' lang='lat' dir='ltr'>reticeat.</span> <span class='ocrx_word' id='word_1_625' title='bbox 1576 1640 1652 1678; x_wconf 91' lang='lat' dir='ltr'>Sed</span> <span class='ocrx_word' id='word_1_626' title='bbox 1675 1649 1879 1691; x_wconf 80' lang='lat' dir='ltr'>postquam</span> <span class='ocrx_word' id='word_1_627' title='bbox 1904 1650 2034 1680; x_wconf 86' lang='lat' dir='ltr'>nostra</span> <span class='ocrx_word' id='word_1_628' title='bbox 2067 1644 2204 1695; x_wconf 86' lang='lat' dir='ltr'>dispu—</span> 
     </span>
     <span class='ocr_line' id='line_1_87' title="bbox 1170 1699 2202 1751; baseline 0.004 -14"><span class='ocrx_word' id='word_1_629' title='bbox 1170 1699 1338 1743; x_wconf 85' lang='lat' dir='ltr'>tatione,</span> <span class='ocrx_word' id='word_1_630' title='bbox 1361 1707 1406 1736; x_wconf 89' lang='lat' dir='ltr'>ut</span> <span class='ocrx_word' id='word_1_631' title='bbox 1438 1712 1656 1750; x_wconf 87' lang='lat' dir='ltr'>speramus,</span> <span class='ocrx_word' id='word_1_632' title='bbox 1683 1699 1730 1736; x_wconf 85' lang='lat' dir='ltr'>ad</span> <span class='ocrx_word' id='word_1_633' title='bbox 1760 1700 1948 1750; x_wconf 89' lang='lat' dir='ltr'>liquidum</span> <span class='ocrx_word' id='word_1_634' title='bbox 1971 1702 2202 1751; x_wconf 86' lang='lat' dir='ltr'>perductum</span> 
     </span>
     <span class='ocr_line' id='line_1_88' title="bbox 1166 1758 2203 1811; baseline 0.005 -16"><span class='ocrx_word' id='word_1_635' title='bbox 1166 1767 1245 1806; x_wconf 90' lang='lat' dir='ltr'>est,</span> <span class='ocrx_word' id='word_1_636' title='bbox 1270 1758 1567 1809; x_wconf 86' lang='lat' dir='ltr'>Theopompum</span> <span class='ocrx_word' id='word_1_637' title='bbox 1595 1759 1784 1797; x_wconf 87' lang='lat' dir='ltr'>infantem</span> <span class='ocrx_word' id='word_1_638' title='bbox 1804 1767 1919 1810; x_wconf 89' lang='lat' dir='ltr'>atque</span> <span class='ocrx_word' id='word_1_639' title='bbox 1942 1760 1983 1797; x_wconf 90' lang='lat' dir='ltr'>in</span> <span class='ocrx_word' id='word_1_640' title='bbox 2006 1761 2093 1811; x_wconf 86' lang='lat' dir='ltr'>ipso</span> <span class='ocrx_word' id='word_1_641' title='bbox 2113 1763 2203 1801; x_wconf 87' lang='lat' dir='ltr'>vitae</span> 
     </span>
    </p>
   </div>
   <div class='ocr_carea' id='block_1_9' title="bbox 1161 1850 2204 2649">
    <p class='ocr_par' dir='ltr' id='par_1_11' title="bbox 1161 1850 2204 2649">
     <span class='ocr_line' id='line_1_89' title="bbox 1164 1850 2200 1898; baseline 0.003 -15"><span class='ocrx_word' id='word_1_642' title='bbox 1164 1863 1210 1883; x_wconf 93' lang='grc' dir='ltr'>τοι</span> <span class='ocrx_word' id='word_1_643' title='bbox 1227 1855 1344 1894; x_wconf 86' lang='grc' dir='ltr'>χρῆμα,</span> <span class='ocrx_word' id='word_1_644' title='bbox 1353 1851 1468 1894; x_wconf 76' lang='grc' dir='ltr'>εἴρηται</span> <span class='ocrx_word' id='word_1_645' title='bbox 1485 1851 1518 1883; x_wconf 83' lang='grc' dir='ltr'>δὲ</span> <span class='ocrx_word' id='word_1_646' title='bbox 1531 1850 1592 1883; x_wconf 81' lang='grc' dir='ltr'>ὑπὸ</span> <span class='ocrx_word' id='word_1_647' title='bbox 1603 1850 1792 1892; x_wconf 84' lang='grc' dir='ltr'>Θεοπόμπου</span> <span class='ocrx_word' id='word_1_648' title='bbox 1805 1854 1860 1883; x_wconf 75' lang='grc' dir='ltr'>τοῦ</span> <span class='ocrx_word' id='word_1_649' title='bbox 1872 1855 2013 1892; x_wconf 82' lang='grc' dir='ltr'>κωμικοῦ</span> <span class='ocrx_word' id='word_1_650' title='bbox 2028 1852 2058 1884; x_wconf 86' lang='grc' dir='ltr'>ἐν</span> <span class='ocrx_word' id='word_1_651' title='bbox 2074 1855 2200 1898; x_wconf 84' lang='grc' dir='ltr'>Εἰρήνῃ,</span> 
     </span>
     <span class='ocr_line' id='line_1_90' title="bbox 1163 1898 2204 1945; baseline 0.004 -15"><span class='ocrx_word' id='word_1_652' title='bbox 1163 1903 1237 1939; x_wconf 81' lang='lat'>-5,</span> <span class='ocrx_word' id='word_1_653' title='bbox 1261 1899 1495 1940; x_wconf 81' lang='lat' dir='ltr'>Theopompus</span> <span class='ocrx_word' id='word_1_654' title='bbox 1511 1898 1753 1939; x_wconf 78' lang='lat' dir='ltr'>Colophonius,</span> <span class='ocrx_word' id='word_1_655' title='bbox 1769 1902 1810 1930; x_wconf 87' lang='lat' dir='ltr'>ex</span> <span class='ocrx_word' id='word_1_656' title='bbox 1826 1899 1918 1940; x_wconf 88' lang='lat' dir='ltr'>cujus</span> <span class='ocrx_word' id='word_1_657' title='bbox 1935 1902 2083 1940; x_wconf 87' lang='lat' dir='ltr'>poemate</span> <span class='ocrx_word' id='word_1_658' title='bbox 2099 1902 2204 1945; x_wconf 81' lang='grc' dir='ltr'>Ἁρμά-</span> 
     </span>
     <span class='ocr_line' id='line_1_91' title="bbox 1162 1945 2203 1989; baseline 0.003 -11"><span class='ocrx_word' id='word_1_659' title='bbox 1162 1958 1226 1978; x_wconf 87' lang='grc' dir='ltr'>τιον</span> <span class='ocrx_word' id='word_1_660' title='bbox 1239 1945 1395 1988; x_wconf 85' lang='lat' dir='ltr'>inscripto</span> <span class='ocrx_word' id='word_1_661' title='bbox 1409 1946 1625 1986; x_wconf 79' lang='lat' dir='ltr'>fragmentum</span> <span class='ocrx_word' id='word_1_662' title='bbox 1641 1946 1782 1977; x_wconf 81' lang='lat' dir='ltr'>servavit</span> <span class='ocrx_word' id='word_1_663' title='bbox 1795 1947 1967 1978; x_wconf 77' lang='lat' dir='ltr'>Athenaeus</span> <span class='ocrx_word' id='word_1_664' title='bbox 1980 1951 2074 1988; x_wconf 88' lang='lat' dir='ltr'>IV,p.</span> <span class='ocrx_word' id='word_1_665' title='bbox 2091 1952 2160 1989; x_wconf 88' lang='grc'>183,</span> <span class='ocrx_word' id='word_1_666' title='bbox 2169 1954 2203 1989; x_wconf 87' lang='grc' dir='ltr'>Β;</span> 
     </span>
     <span class='ocr_line' id='line_1_92' title="bbox 1162 1992 2203 2035; baseline 0.002 -9"><span class='ocrx_word' id='word_1_667' title='bbox 1162 1994 1204 2026; x_wconf 86' lang='lat' dir='ltr'>cf.</span> <span class='ocrx_word' id='word_1_668' title='bbox 1225 1993 1371 2025; x_wconf 84' lang='lat' dir='ltr'>Meineke</span> <span class='ocrx_word' id='word_1_669' title='bbox 1387 1993 1409 2024; x_wconf 89' lang='lat' dir='ltr'>l.</span> <span class='ocrx_word' id='word_1_670' title='bbox 1425 1993 1447 2024; x_wconf 93' lang='grc'>1.</span> <span class='ocrx_word' id='word_1_671' title='bbox 1463 1992 1607 2024; x_wconf 87' lang='lat' dir='ltr'>Eundem</span> <span class='ocrx_word' id='word_1_672' title='bbox 1618 1992 1779 2024; x_wconf 83' lang='lat' dir='ltr'>Wichers.</span> <span class='ocrx_word' id='word_1_673' title='bbox 1802 1993 2045 2033; x_wconf 84' lang='lat' dir='ltr'>intelligendum</span> <span class='ocrx_word' id='word_1_674' title='bbox 2058 1997 2150 2035; x_wconf 85' lang='lat' dir='ltr'>putat</span> <span class='ocrx_word' id='word_1_675' title='bbox 2170 1996 2203 2028; x_wconf 87' lang='lat' dir='ltr'>in</span> 
     </span>
     <span class='ocr_line' id='line_1_93' title="bbox 1162 2040 2200 2082; baseline 0.002 -9"><span class='ocrx_word' id='word_1_676' title='bbox 1162 2041 1267 2074; x_wconf 87' lang='lat' dir='ltr'>schol.</span> <span class='ocrx_word' id='word_1_677' title='bbox 1281 2041 1320 2073; x_wconf 84' lang='lat' dir='ltr'>ad</span> <span class='ocrx_word' id='word_1_678' title='bbox 1332 2041 1433 2082; x_wconf 86' lang='lat' dir='ltr'>Apoll.</span> <span class='ocrx_word' id='word_1_679' title='bbox 1453 2041 1557 2072; x_wconf 83' lang='lat' dir='ltr'>Rhod.</span> <span class='ocrx_word' id='word_1_680' title='bbox 1578 2044 1632 2079; x_wconf 88' lang='lat' dir='ltr'>IV,</span> <span class='ocrx_word' id='word_1_681' title='bbox 1647 2043 1698 2078; x_wconf 81' lang='lat'>57,</span> <span class='ocrx_word' id='word_1_682' title='bbox 1714 2040 1768 2071; x_wconf 93' lang='lat' dir='ltr'>ubi</span> <span class='ocrx_word' id='word_1_683' title='bbox 1782 2041 1901 2072; x_wconf 89' lang='lat' dir='ltr'>citatur</span> <span class='ocrx_word' id='word_1_684' title='bbox 1919 2044 1957 2073; x_wconf 92' lang='grc' dir='ltr'>Θ.</span> <span class='ocrx_word' id='word_1_685' title='bbox 1974 2042 2004 2073; x_wconf 85' lang='grc' dir='ltr'>ἐν</span> <span class='ocrx_word' id='word_1_686' title='bbox 2028 2042 2200 2080; x_wconf 84' lang='grc' dir='ltr'>ἐποποιοῖς.</span> 
     </span>
     <span class='ocr_line' id='line_1_94' title="bbox 1162 2087 2203 2127; baseline 0.002 -7"><span class='ocrx_word' id='word_1_687' title='bbox 1162 2089 1273 2120; x_wconf 84' lang='lat' dir='ltr'>codex</span> <span class='ocrx_word' id='word_1_688' title='bbox 1291 2088 1392 2120; x_wconf 82' lang='lat' dir='ltr'>Paris.</span> <span class='ocrx_word' id='word_1_689' title='bbox 1409 2089 1440 2120; x_wconf 87' lang='grc' dir='ltr'>ἐν</span> <span class='ocrx_word' id='word_1_690' title='bbox 1457 2096 1571 2120; x_wconf 89' lang='lat' dir='ltr'>vocem</span> <span class='ocrx_word' id='word_1_691' title='bbox 1585 2087 1829 2127; x_wconf 82' lang='lat' dir='ltr'>omittit.Quare</span> <span class='ocrx_word' id='word_1_692' title='bbox 1845 2088 1894 2119; x_wconf 69' lang='lat' dir='ltr'>vir</span> <span class='ocrx_word' id='word_1_693' title='bbox 1911 2088 2024 2120; x_wconf 89' lang='lat' dir='ltr'>doctus</span> <span class='ocrx_word' id='word_1_694' title='bbox 2039 2091 2135 2121; x_wconf 87' lang='lat' dir='ltr'>modo</span> <span class='ocrx_word' id='word_1_695' title='bbox 2149 2100 2203 2122; x_wconf 91' lang='lat' dir='ltr'>no-</span> 
     </span>
     <span class='ocr_line' id='line_1_95' title="bbox 1161 2134 2202 2178; baseline 0.001 -11"><span class='ocrx_word' id='word_1_696' title='bbox 1161 2136 1302 2167; x_wconf 78' lang='lat' dir='ltr'>minatus</span> <span class='ocrx_word' id='word_1_697' title='bbox 1315 2135 1411 2167; x_wconf 89' lang='lat' dir='ltr'>scribi</span> <span class='ocrx_word' id='word_1_698' title='bbox 1427 2135 1499 2167; x_wconf 81' lang='lat' dir='ltr'>vult</span> <span class='ocrx_word' id='word_1_699' title='bbox 1516 2134 1672 2171; x_wconf 83' lang='grc' dir='ltr'>ἐποποιός.</span> <span class='ocrx_word' id='word_1_700' title='bbox 1688 2134 1856 2166; x_wconf 84' lang='lat' dir='ltr'>Probabile</span> <span class='ocrx_word' id='word_1_701' title='bbox 1871 2135 1944 2175; x_wconf 87' lang='lat' dir='ltr'>hoc,</span> <span class='ocrx_word' id='word_1_702' title='bbox 1960 2135 2017 2167; x_wconf 84' lang='lat' dir='ltr'>sed</span> <span class='ocrx_word' id='word_1_703' title='bbox 2031 2145 2096 2168; x_wconf 90' lang='lat' dir='ltr'>non</span> <span class='ocrx_word' id='word_1_704' title='bbox 2112 2146 2202 2178; x_wconf 89' lang='lat' dir='ltr'>repu-</span> 
     </span>
     <span class='ocr_line' id='line_1_96' title="bbox 1161 2182 2201 2223; baseline 0.001 -8"><span class='ocrx_word' id='word_1_705' title='bbox 1161 2191 1224 2223; x_wconf 87' lang='lat' dir='ltr'>gno</span> <span class='ocrx_word' id='word_1_706' title='bbox 1240 2183 1267 2215; x_wconf 91' lang='lat' dir='ltr'>si</span> <span class='ocrx_word' id='word_1_707' title='bbox 1280 2182 1353 2223; x_wconf 91' lang='lat' dir='ltr'>quis</span> <span class='ocrx_word' id='word_1_708' title='bbox 1365 2182 1559 2214; x_wconf 83' lang='lat' dir='ltr'>intellexerit</span> <span class='ocrx_word' id='word_1_709' title='bbox 1571 2182 1817 2222; x_wconf 89' lang='lat' dir='ltr'>Theopompum</span> <span class='ocrx_word' id='word_1_710' title='bbox 1833 2183 2091 2223; x_wconf 84' lang='lat' dir='ltr'>grammaticum,</span> <span class='ocrx_word' id='word_1_711' title='bbox 2104 2185 2148 2215; x_wconf 84' lang='lat' dir='ltr'>ita</span> <span class='ocrx_word' id='word_1_712' title='bbox 2165 2186 2201 2216; x_wconf 88' lang='lat' dir='ltr'>ut</span> 
     </span>
     <span class='ocr_line' id='line_1_97' title="bbox 1162 2228 2202 2270; baseline 0 -8"><span class='ocrx_word' id='word_1_713' title='bbox 1162 2230 1242 2262; x_wconf 92' lang='lat' dir='ltr'>illud</span> <span class='ocrx_word' id='word_1_714' title='bbox 1265 2231 1296 2262; x_wconf 90' lang='grc' dir='ltr'>ἐν</span> <span class='ocrx_word' id='word_1_715' title='bbox 1312 2230 1471 2266; x_wconf 86' lang='grc' dir='ltr'>ἐποποιοῖς</span> <span class='ocrx_word' id='word_1_716' title='bbox 1488 2229 1530 2261; x_wconf 89' lang='lat' dir='ltr'>ad</span> <span class='ocrx_word' id='word_1_717' title='bbox 1554 2228 1789 2270; x_wconf 84' lang='lat' dir='ltr'>mythologicos</span> <span class='ocrx_word' id='word_1_718' title='bbox 1816 2231 2065 2262; x_wconf 86' lang='lat' dir='ltr'>commentarios</span> <span class='ocrx_word' id='word_1_719' title='bbox 2088 2231 2120 2262; x_wconf 89' lang='lat' dir='ltr'>in</span> <span class='ocrx_word' id='word_1_720' title='bbox 2137 2240 2202 2262; x_wconf 84' lang='lat' dir='ltr'>car-</span> 
     </span>
     <span class='ocr_line' id='line_1_98' title="bbox 1161 2276 2201 2318; baseline 0 -9"><span class='ocrx_word' id='word_1_721' title='bbox 1161 2277 1250 2309; x_wconf 89' lang='lat' dir='ltr'>mina</span> <span class='ocrx_word' id='word_1_722' title='bbox 1265 2277 1358 2318; x_wconf 87' lang='lat' dir='ltr'>epica</span> <span class='ocrx_word' id='word_1_723' title='bbox 1378 2277 1516 2317; x_wconf 86' lang='lat' dir='ltr'>scriptos</span> <span class='ocrx_word' id='word_1_724' title='bbox 1538 2276 1743 2309; x_wconf 77' lang='lat' dir='ltr'>referendum</span> <span class='ocrx_word' id='word_1_725' title='bbox 1769 2276 1822 2308; x_wconf 83' lang='lat' dir='ltr'>sit.</span> <span class='ocrx_word' id='word_1_726' title='bbox 1852 2276 1970 2308; x_wconf 86' lang='lat' dir='ltr'>Eodem</span> <span class='ocrx_word' id='word_1_727' title='bbox 1995 2277 2088 2318; x_wconf 90' lang='lat' dir='ltr'>plane</span> <span class='ocrx_word' id='word_1_728' title='bbox 2105 2278 2201 2309; x_wconf 89' lang='lat' dir='ltr'>modo</span> 
     </span>
     <span class='ocr_line' id='line_1_99' title="bbox 1166 2325 2200 2366; baseline -0.001 -9"><span class='ocrx_word' id='word_1_729' title='bbox 1166 2325 1421 2366; x_wconf 85' lang='lat' dir='ltr'>Theopompum</span> <span class='ocrx_word' id='word_1_730' title='bbox 1434 2326 1471 2356; x_wconf 74' lang='lat' dir='ltr'>in</span> <span class='ocrx_word' id='word_1_731' title='bbox 1486 2325 1665 2365; x_wconf 68' lang='lat' dir='ltr'>cypriano</span> <span class='ocrx_word' id='word_1_732' title='bbox 1678 2325 1832 2355; x_wconf 78' lang='lat' dir='ltr'>carmine</span> <span class='ocrx_word' id='word_1_733' title='bbox 1842 2332 1916 2355; x_wconf 90' lang='lat' dir='ltr'>cum</span> <span class='ocrx_word' id='word_1_734' title='bbox 1931 2325 2200 2356; x_wconf 84' lang='lat' dir='ltr'>Pseudo-Hellani-</span> 
     </span>
     <span class='ocr_line' id='line_1_100' title="bbox 1162 2367 2203 2412; baseline 0 -9"><span class='ocrx_word' id='word_1_735' title='bbox 1162 2379 1201 2402; x_wconf 91' lang='lat' dir='ltr'>co</span> <span class='ocrx_word' id='word_1_736' title='bbox 1218 2380 1237 2403; x_wconf 87' lang='lat' dir='ltr'>a</span> <span class='ocrx_word' id='word_1_737' title='bbox 1249 2371 1416 2412; x_wconf 85' lang='lat' dir='ltr'>Fulgentio</span> <span class='ocrx_word' id='word_1_738' title='bbox 1430 2372 1472 2410; x_wconf 87' lang='lat'>(1,</span> <span class='ocrx_word' id='word_1_739' title='bbox 1487 2367 1517 2409; x_wconf 84' lang='grc'>2)</span> <span class='ocrx_word' id='word_1_740' title='bbox 1541 2370 1770 2411; x_wconf 87' lang='lat' dir='ltr'>compositum,</span> <span class='ocrx_word' id='word_1_741' title='bbox 1785 2372 2033 2411; x_wconf 84' lang='lat' dir='ltr'>grammaticum</span> <span class='ocrx_word' id='word_1_742' title='bbox 2057 2381 2126 2403; x_wconf 88' lang='lat' dir='ltr'>esse</span> <span class='ocrx_word' id='word_1_743' title='bbox 2140 2374 2203 2403; x_wconf 78' lang='lat' dir='ltr'>sia-</span> 
     </span>
     <span class='ocr_line' id='line_1_101' title="bbox 1162 2418 2201 2459; baseline 0 -8"><span class='ocrx_word' id='word_1_744' title='bbox 1162 2418 1225 2451; x_wconf 76' lang='lat' dir='ltr'>tuit</span> <span class='ocrx_word' id='word_1_745' title='bbox 1241 2418 1430 2451; x_wconf 86' lang='lat' dir='ltr'>Welckerus</span> <span class='ocrx_word' id='word_1_746' title='bbox 1441 2418 1482 2450; x_wconf 86' lang='lat' dir='ltr'>de</span> <span class='ocrx_word' id='word_1_747' title='bbox 1498 2418 1596 2459; x_wconf 84' lang='lat' dir='ltr'>Cyclo</span> <span class='ocrx_word' id='word_1_748' title='bbox 1617 2422 1711 2450; x_wconf 85' lang='lat' dir='ltr'>Hom.</span> <span class='ocrx_word' id='word_1_749' title='bbox 1729 2427 1761 2459; x_wconf 90' lang='lat' dir='ltr'>p.</span> <span class='ocrx_word' id='word_1_750' title='bbox 1779 2422 1829 2451; x_wconf 90' lang='grc'>29.</span> <span class='ocrx_word' id='word_1_751' title='bbox 1850 2424 1880 2457; x_wconf 88' lang='grc'>6,</span> <span class='ocrx_word' id='word_1_752' title='bbox 1903 2419 2135 2451; x_wconf 87' lang='lat' dir='ltr'>Grammaticus</span> <span class='ocrx_word' id='word_1_753' title='bbox 2149 2419 2201 2451; x_wconf 86' lang='lat' dir='ltr'>ille</span> 
     </span>
     <span class='ocr_line' id='line_1_102' title="bbox 1162 2465 2200 2507; baseline 0 -9"><span class='ocrx_word' id='word_1_754' title='bbox 1162 2467 1211 2498; x_wconf 62' lang='lat' dir='ltr'>ost</span> <span class='ocrx_word' id='word_1_755' title='bbox 1239 2466 1473 2507; x_wconf 85' lang='lat' dir='ltr'>Theopompus</span> <span class='ocrx_word' id='word_1_756' title='bbox 1502 2465 1647 2497; x_wconf 81' lang='lat' dir='ltr'>Cnidius</span> <span class='ocrx_word' id='word_1_757' title='bbox 1664 2489 1676 2505; x_wconf 90' lang='lat'>,</span> <span class='ocrx_word' id='word_1_758' title='bbox 1709 2465 1878 2496; x_wconf 78' lang='lat' dir='ltr'>familiaris</span> <span class='ocrx_word' id='word_1_759' title='bbox 1905 2466 2039 2497; x_wconf 81' lang='lat' dir='ltr'>Caesaris</span> <span class='ocrx_word' id='word_1_760' title='bbox 2063 2467 2200 2505; x_wconf 83' lang='lat' dir='ltr'>(strabo</span> 
     </span>
     <span class='ocr_line' id='line_1_103' title="bbox 1161 2513 2199 2555; baseline -0.002 -9"><span class='ocrx_word' id='word_1_761' title='bbox 1161 2518 1290 2555; x_wconf 66' lang='lat' dir='ltr'>xmp.</span> <span class='ocrx_word' id='word_1_762' title='bbox 1306 2513 1459 2554; x_wconf 77' lang='lat' dir='ltr'>969;cic.</span> <span class='ocrx_word' id='word_1_763' title='bbox 1489 2513 1537 2546; x_wconf 72' lang='lat' dir='ltr'>Ad</span> <span class='ocrx_word' id='word_1_764' title='bbox 1562 2513 1656 2545; x_wconf 73' lang='lat' dir='ltr'>Attio.</span> <span class='ocrx_word' id='word_1_765' title='bbox 1671 2517 1756 2553; x_wconf 83' lang='lat' dir='ltr'>xm,</span> <span class='ocrx_word' id='word_1_766' title='bbox 1775 2517 1807 2553; x_wconf 91' lang='lat'>7,</span> <span class='ocrx_word' id='word_1_767' title='bbox 1831 2513 1966 2554; x_wconf 81' lang='lat' dir='ltr'>Philipp.</span> <span class='ocrx_word' id='word_1_768' title='bbox 1999 2517 2080 2553; x_wconf 86' lang='lat' dir='ltr'>x111,</span> <span class='ocrx_word' id='word_1_769' title='bbox 2102 2515 2199 2554; x_wconf 72' lang='lat'><strong>16)‚‹‘›</strong></span> 
     </span>
     <span class='ocr_line' id='line_1_104' title="bbox 1163 2556 2199 2602; baseline 0 -9"><span class='ocrx_word' id='word_1_770' title='bbox 1163 2562 1348 2602; x_wconf 87' lang='grc' dir='ltr'>συναγαγὼν</span> <span class='ocrx_word' id='word_1_771' title='bbox 1367 2562 1437 2598; x_wconf 82' lang='grc' dir='ltr'>τοὺς</span> <span class='ocrx_word' id='word_1_772' title='bbox 1458 2562 1570 2602; x_wconf 80' lang='grc' dir='ltr'>μύθους</span> <span class='ocrx_word' id='word_1_773' title='bbox 1594 2556 1769 2600; x_wconf 79' lang='lat' dir='ltr'>(Plutarch.</span> <span class='ocrx_word' id='word_1_774' title='bbox 1789 2565 1901 2593; x_wconf 68' lang='lat' dir='ltr'>Caoear.</span> <span class='ocrx_word' id='word_1_775' title='bbox 1929 2569 1960 2600; x_wconf 89' lang='lat' dir='ltr'>p.</span> <span class='ocrx_word' id='word_1_776' title='bbox 1994 2561 2076 2599; x_wconf 83' lang='lat'>730).</span> <span class='ocrx_word' id='word_1_777' title='bbox 2107 2564 2199 2593; x_wconf 86' lang='lat' dir='ltr'>Hunc</span> 
     </span>
     <span class='ocr_line' id='line_1_105' title="bbox 1162 2606 2196 2649; baseline 0.002 -11"><span class='ocrx_word' id='word_1_778' title='bbox 1162 2607 1350 2639; x_wconf 87' lang='lat' dir='ltr'>Welckerus</span> <span class='ocrx_word' id='word_1_779' title='bbox 1365 2607 1500 2648; x_wconf 83' lang='lat' dir='ltr'>intelligi</span> <span class='ocrx_word' id='word_1_780' title='bbox 1526 2609 1620 2649; x_wconf 83' lang='lat' dir='ltr'>putat</span> <span class='ocrx_word' id='word_1_781' title='bbox 1643 2616 1662 2639; x_wconf 88' lang='lat' dir='ltr'>a</span> <span class='ocrx_word' id='word_1_782' title='bbox 1675 2607 1778 2639; x_wconf 87' lang='lat' dir='ltr'>schol.</span> <span class='ocrx_word' id='word_1_783' title='bbox 1791 2611 1883 2638; x_wconf 83' lang='lat' dir='ltr'>Hom.</span> <span class='ocrx_word' id='word_1_784' title='bbox 1903 2606 1937 2638; x_wconf 92' lang='lat' dir='ltr'>Il.</span> <span class='ocrx_word' id='word_1_785' title='bbox 1955 2610 1981 2646; x_wconf 91' lang='lat'>1,</span> <span class='ocrx_word' id='word_1_786' title='bbox 1996 2610 2108 2647; x_wconf 88' lang='lat'>38;11,</span> <span class='ocrx_word' id='word_1_787' title='bbox 2126 2611 2196 2648; x_wconf 79' lang='lat'>1353</span> 
     </span>
    </p>
   </div>
   <div class='ocr_carea' id='block_1_10' title="bbox 1162 2654 2254 2697">
    <p class='ocr_par' dir='ltr' id='par_1_12' title="bbox 1162 2654 2254 2697">
     <span class='ocr_line' id='line_1_106' title="bbox 1162 2654 2254 2697; baseline 0.001 -10"><span class='ocrx_word' id='word_1_788' title='bbox 1162 2658 1271 2694; x_wconf 86' lang='lat' dir='ltr'>XXIV,</span> <span class='ocrx_word' id='word_1_789' title='bbox 1297 2657 1357 2687; x_wconf 83' lang='lat'>428</span> <span class='ocrx_word' id='word_1_790' title='bbox 1382 2655 1437 2693; x_wconf 78' lang='lat' dir='ltr'>(cs.</span> <span class='ocrx_word' id='word_1_791' title='bbox 1454 2656 1563 2697; x_wconf 82' lang='lat' dir='ltr'>tamen</span> <span class='ocrx_word' id='word_1_792' title='bbox 1575 2655 1614 2686; x_wconf 76' lang='lat' dir='ltr'>fr.</span> <span class='ocrx_word' id='word_1_793' title='bbox 1630 2657 1689 2686; x_wconf 85' lang='grc'>339</span> <span class='ocrx_word' id='word_1_794' title='bbox 1704 2655 1726 2692; x_wconf 91' lang='grc'>).</span> <span class='ocrx_word' id='word_1_795' title='bbox 1741 2655 1880 2686; x_wconf 88' lang='lat' dir='ltr'>Erotian.</span> <span class='ocrx_word' id='word_1_796' title='bbox 1896 2654 2030 2686; x_wconf 84' lang='lat' dir='ltr'>Glossar.</span> <span class='ocrx_word' id='word_1_797' title='bbox 2046 2654 2195 2695; x_wconf 59' lang='lat' dir='ltr'>Hippon.</span> <span class='ocrx_word' id='word_1_798' title='bbox 2253 2689 2254 2692; x_wconf 64' lang='grc'>,</span> 
     </span>
    </p>
   </div>
   <div class='ocr_carea' id='block_1_11' title="bbox 1162 2701 2196 3400">
    <p class='ocr_par' dir='ltr' id='par_1_13' title="bbox 1162 2701 2196 3400">
     <span class='ocr_line' id='line_1_107' title="bbox 1163 2701 2195 2744; baseline 0.002 -12"><span class='ocrx_word' id='word_1_799' title='bbox 1163 2710 1195 2743; x_wconf 89' lang='lat' dir='ltr'>p.</span> <span class='ocrx_word' id='word_1_800' title='bbox 1227 2703 1306 2733; x_wconf 81' lang='lat'><strong>244:</strong></span> <span class='ocrx_word' id='word_1_801' title='bbox 1327 2701 1449 2734; x_wconf 88' lang='grc' dir='ltr'>Λάσιον</span> <span class='ocrx_word' id='word_1_802' title='bbox 1477 2702 1609 2742; x_wconf 82' lang='grc' dir='ltr'>ὁθόνιον,</span> <span class='ocrx_word' id='word_1_803' title='bbox 1642 2703 1684 2737; x_wconf 88' lang='grc' dir='ltr'>ὡς</span> <span class='ocrx_word' id='word_1_804' title='bbox 1717 2701 1902 2741; x_wconf 87' lang='grc' dir='ltr'>Θεόπομπος</span> <span class='ocrx_word' id='word_1_805' title='bbox 1935 2701 1967 2732; x_wconf 83' lang='grc' dir='ltr'>ἐν</span> <span class='ocrx_word' id='word_1_806' title='bbox 1989 2701 2195 2744; x_wconf 83' lang='grc' dir='ltr'>Ὀδυσσείᾳ...</span> 
     </span>
     <span class='ocr_line' id='line_1_108' title="bbox 1162 2749 2196 2792; baseline 0.001 -10"><span class='ocrx_word' id='word_1_807' title='bbox 1162 2752 1263 2783; x_wconf 81' lang='grc' dir='ltr'>λινοῦν</span> <span class='ocrx_word' id='word_1_808' title='bbox 1278 2751 1351 2792; x_wconf 83' lang='grc' dir='ltr'>ὕφος</span> <span class='ocrx_word' id='word_1_809' title='bbox 1365 2751 1444 2783; x_wconf 81' lang='grc' dir='ltr'>δασὺ</span> <span class='ocrx_word' id='word_1_810' title='bbox 1463 2751 1540 2782; x_wconf 84' lang='grc' dir='ltr'>εἶναι</span> <span class='ocrx_word' id='word_1_811' title='bbox 1556 2760 1562 2765; x_wconf 92' lang='grc'>·</span> <span class='ocrx_word' id='word_1_812' title='bbox 1580 2751 1637 2782; x_wconf 89' lang='lat' dir='ltr'>ubi</span> <span class='ocrx_word' id='word_1_813' title='bbox 1652 2750 1820 2782; x_wconf 87' lang='grc' dir='ltr'>Ὀδυσσεία</span> <span class='ocrx_word' id='word_1_814' title='bbox 1835 2749 1951 2781; x_wconf 85' lang='lat' dir='ltr'>titulus</span> <span class='ocrx_word' id='word_1_815' title='bbox 1971 2750 2083 2791; x_wconf 83' lang='lat' dir='ltr'>capitis</span> <span class='ocrx_word' id='word_1_816' title='bbox 2099 2751 2196 2786; x_wconf 80' lang='lat' dir='ltr'>fuisse</span> 
     </span>
     <span class='ocr_line' id='line_1_109' title="bbox 1163 2796 2194 2839; baseline 0 -10"><span class='ocrx_word' id='word_1_817' title='bbox 1163 2797 1293 2829; x_wconf 83' lang='lat' dir='ltr'>videtur</span> <span class='ocrx_word' id='word_1_818' title='bbox 1307 2798 1340 2829; x_wconf 89' lang='lat' dir='ltr'>in</span> <span class='ocrx_word' id='word_1_819' title='bbox 1357 2806 1470 2839; x_wconf 90' lang='lat' dir='ltr'>opere,</span> <span class='ocrx_word' id='word_1_820' title='bbox 1492 2798 1580 2838; x_wconf 87' lang='lat' dir='ltr'>quod</span> <span class='ocrx_word' id='word_1_821' title='bbox 1598 2796 1781 2829; x_wconf 87' lang='lat' dir='ltr'>carminum</span> <span class='ocrx_word' id='word_1_822' title='bbox 1808 2796 1974 2836; x_wconf 89' lang='lat' dir='ltr'>epicorum</span> <span class='ocrx_word' id='word_1_823' title='bbox 2003 2797 2127 2830; x_wconf 82' lang='lat' dir='ltr'>fabulas</span> <span class='ocrx_word' id='word_1_824' title='bbox 2141 2809 2194 2832; x_wconf 84' lang='lat' dir='ltr'>ex-</span> 
     </span>
     <span class='ocr_line' id='line_1_110' title="bbox 1163 2843 2192 2886; baseline 0.004 -10"><span class='ocrx_word' id='word_1_825' title='bbox 1163 2844 1310 2886; x_wconf 85' lang='lat' dir='ltr'>plicavit:</span> <span class='ocrx_word' id='word_1_826' title='bbox 1329 2848 1352 2876; x_wconf 80' lang='lat' dir='ltr'>v</span> <span class='ocrx_word' id='word_1_827' title='bbox 1381 2845 1538 2877; x_wconf 86' lang='lat' dir='ltr'>Welcker.</span> <span class='ocrx_word' id='word_1_828' title='bbox 1552 2845 1573 2876; x_wconf 94' lang='lat' dir='ltr'>l.</span> <span class='ocrx_word' id='word_1_829' title='bbox 1588 2845 1609 2876; x_wconf 93' lang='lat' dir='ltr'>l.</span> <span class='ocrx_word' id='word_1_830' title='bbox 1628 2846 1716 2877; x_wconf 86' lang='lat' dir='ltr'>Idem</span> <span class='ocrx_word' id='word_1_831' title='bbox 1730 2845 1779 2875; x_wconf 87' lang='lat' dir='ltr'>vir</span> <span class='ocrx_word' id='word_1_832' title='bbox 1790 2843 1906 2875; x_wconf 84' lang='lat' dir='ltr'>doctus</span> <span class='ocrx_word' id='word_1_833' title='bbox 1920 2852 1970 2884; x_wconf 91' lang='lat' dir='ltr'>ap.</span> <span class='ocrx_word' id='word_1_834' title='bbox 1985 2844 2088 2877; x_wconf 85' lang='lat' dir='ltr'>schol.</span> <span class='ocrx_word' id='word_1_835' title='bbox 2102 2846 2142 2878; x_wconf 88' lang='lat' dir='ltr'>ad</span> <span class='ocrx_word' id='word_1_836' title='bbox 2156 2848 2192 2880; x_wconf 87' lang='grc'>11.</span> 
     </span>
     <span class='ocr_line' id='line_1_111' title="bbox 1162 2888 2193 2931; baseline 0.003 -8"><span class='ocrx_word' id='word_1_837' title='bbox 1162 2895 1249 2931; x_wconf 87' lang='lat' dir='ltr'>XIX,</span> <span class='ocrx_word' id='word_1_838' title='bbox 1276 2894 1331 2923; x_wconf 84' lang='lat'>121</span> <span class='ocrx_word' id='word_1_839' title='bbox 1356 2891 1405 2929; x_wconf 91' lang='lat' dir='ltr'>(in</span> <span class='ocrx_word' id='word_1_840' title='bbox 1432 2891 1509 2923; x_wconf 91' lang='lat' dir='ltr'>Cod.</span> <span class='ocrx_word' id='word_1_841' title='bbox 1534 2891 1678 2923; x_wconf 86' lang='lat' dir='ltr'>Leidensi</span> <span class='ocrx_word' id='word_1_842' title='bbox 1706 2900 1756 2931; x_wconf 86' lang='lat' dir='ltr'>ap.</span> <span class='ocrx_word' id='word_1_843' title='bbox 1782 2888 1934 2922; x_wconf 81' lang='lat' dir='ltr'>Valcken.</span> <span class='ocrx_word' id='word_1_844' title='bbox 1964 2891 2127 2924; x_wconf 82' lang='lat' dir='ltr'>Dissertat.</span> <span class='ocrx_word' id='word_1_845' title='bbox 2152 2895 2193 2926; x_wconf 88' lang='lat' dir='ltr'>ad</span> 
     </span>
     <span class='ocr_line' id='line_1_112' title="bbox 1163 2936 2192 2979; baseline 0.002 -9"><span class='ocrx_word' id='word_1_846' title='bbox 1163 2938 1269 2971; x_wconf 87' lang='lat' dir='ltr'>schol.</span> <span class='ocrx_word' id='word_1_847' title='bbox 1295 2942 1391 2970; x_wconf 82' lang='lat' dir='ltr'>Hom.</span> <span class='ocrx_word' id='word_1_848' title='bbox 1422 2942 1541 2978; x_wconf 91' lang='lat' dir='ltr'>opusc.</span> <span class='ocrx_word' id='word_1_849' title='bbox 1563 2941 1604 2977; x_wconf 91' lang='lat' dir='ltr'>II,</span> <span class='ocrx_word' id='word_1_850' title='bbox 1627 2947 1658 2978; x_wconf 89' lang='lat' dir='ltr'>p.</span> <span class='ocrx_word' id='word_1_851' title='bbox 1685 2937 1767 2976; x_wconf 88' lang='grc'>127),</span> <span class='ocrx_word' id='word_1_852' title='bbox 1799 2936 1856 2968; x_wconf 88' lang='lat' dir='ltr'>ubi</span> <span class='ocrx_word' id='word_1_853' title='bbox 1884 2937 1982 2977; x_wconf 82' lang='lat' dir='ltr'>vulgo</span> <span class='ocrx_word' id='word_1_854' title='bbox 2007 2938 2148 2979; x_wconf 84' lang='lat' dir='ltr'>legitur:</span> <span class='ocrx_word' id='word_1_855' title='bbox 2173 2945 2192 2979; x_wconf 84' lang='grc' dir='ltr'>ἡ</span> 
     </span>
     <span class='ocr_line' id='line_1_113' title="bbox 1163 2984 2191 3029; baseline 0.003 -11"><span class='ocrx_word' id='word_1_856' title='bbox 1163 2986 1284 3029; x_wconf 83' lang='grc' dir='ltr'>ἱστορία</span> <span class='ocrx_word' id='word_1_857' title='bbox 1294 2987 1378 3029; x_wconf 83' lang='grc' dir='ltr'>παρὰ</span> <span class='ocrx_word' id='word_1_858' title='bbox 1400 2985 1538 3025; x_wconf 89' lang='grc' dir='ltr'>Ἡσιόδῳ</span> <span class='ocrx_word' id='word_1_859' title='bbox 1551 2985 1614 3016; x_wconf 59' lang='grc' dir='ltr'><em>καῖ</em></span> <span class='ocrx_word' id='word_1_860' title='bbox 1627 2984 1784 3026; x_wconf 87' lang='grc' dir='ltr'>Θεογόνῳ,</span> <span class='ocrx_word' id='word_1_861' title='bbox 1802 2984 1911 3024; x_wconf 86' lang='lat' dir='ltr'>reponi</span> <span class='ocrx_word' id='word_1_862' title='bbox 1922 2984 2014 3024; x_wconf 81' lang='lat' dir='ltr'>jubet</span> <span class='ocrx_word' id='word_1_863' title='bbox 2037 2997 2072 3018; x_wconf 88' lang='grc' dir='ltr'>π.</span> <span class='ocrx_word' id='word_1_864' title='bbox 2091 2988 2141 3019; x_wconf 91' lang='grc' dir='ltr'>Ἡ.</span> <span class='ocrx_word' id='word_1_865' title='bbox 2159 3000 2191 3021; x_wconf 86' lang='grc' dir='ltr'>κ.</span> 
     </span>
     <span class='ocr_line' id='line_1_114' title="bbox 1164 3031 2193 3074; baseline 0.001 -8"><span class='ocrx_word' id='word_1_866' title='bbox 1164 3034 1358 3074; x_wconf 86' lang='grc' dir='ltr'>Θεοπόμπῳ.</span> <span class='ocrx_word' id='word_1_867' title='bbox 1378 3050 1419 3056; x_wconf 89' lang='lat'>--</span> <span class='ocrx_word' id='word_1_868' title='bbox 1434 3035 1467 3072; x_wconf 83' lang='lat'>7,</span> <span class='ocrx_word' id='word_1_869' title='bbox 1489 3032 1734 3072; x_wconf 84' lang='lat' dir='ltr'>Theopompus,</span> <span class='ocrx_word' id='word_1_870' title='bbox 1769 3031 1877 3063; x_wconf 90' lang='lat' dir='ltr'>nescio</span> <span class='ocrx_word' id='word_1_871' title='bbox 1899 3032 1968 3073; x_wconf 90' lang='lat' dir='ltr'>qui,</span> <span class='ocrx_word' id='word_1_872' title='bbox 1994 3037 2193 3067; x_wconf 84' lang='lat' dir='ltr'>memoratur</span> 
     </span>
     <span class='ocr_line' id='line_1_115' title="bbox 1163 3078 2190 3122; baseline 0.001 -10"><span class='ocrx_word' id='word_1_873' title='bbox 1163 3089 1214 3121; x_wconf 86' lang='lat' dir='ltr'>ap.</span> <span class='ocrx_word' id='word_1_874' title='bbox 1229 3080 1296 3112; x_wconf 89' lang='lat' dir='ltr'>Cic.</span> <span class='ocrx_word' id='word_1_875' title='bbox 1311 3084 1367 3121; x_wconf 88' lang='lat' dir='ltr'>Ep.</span> <span class='ocrx_word' id='word_1_876' title='bbox 1381 3079 1420 3110; x_wconf 88' lang='lat' dir='ltr'>ad</span> <span class='ocrx_word' id='word_1_877' title='bbox 1438 3079 1547 3118; x_wconf 85' lang='lat' dir='ltr'>Quint.</span> <span class='ocrx_word' id='word_1_878' title='bbox 1561 3082 1588 3117; x_wconf 91' lang='lat'>1,</span> <span class='ocrx_word' id='word_1_879' title='bbox 1603 3081 1632 3110; x_wconf 89' lang='grc'>3.</span> <span class='ocrx_word' id='word_1_880' title='bbox 1643 3082 1723 3118; x_wconf 89' lang='grc'>-8,</span> <span class='ocrx_word' id='word_1_881' title='bbox 1741 3078 1973 3120; x_wconf 87' lang='lat' dir='ltr'>Theopompus</span> <span class='ocrx_word' id='word_1_882' title='bbox 1986 3081 2190 3122; x_wconf 77' lang='lat' dir='ltr'>Sinopensis,</span> 
     </span>
     <span class='ocr_line' id='line_1_116' title="bbox 1163 3125 2189 3170; baseline 0.001 -11"><span class='ocrx_word' id='word_1_883' title='bbox 1163 3128 1218 3169; x_wconf 92' lang='lat' dir='ltr'>qui</span> <span class='ocrx_word' id='word_1_884' title='bbox 1231 3129 1299 3170; x_wconf 89' lang='grc' dir='ltr'>περὶ</span> <span class='ocrx_word' id='word_1_885' title='bbox 1311 3129 1449 3167; x_wconf 87' lang='grc' dir='ltr'>σεισμῶν</span> <span class='ocrx_word' id='word_1_886' title='bbox 1466 3125 1606 3166; x_wconf 85' lang='lat' dir='ltr'>scripsit.</span> <span class='ocrx_word' id='word_1_887' title='bbox 1625 3126 1775 3167; x_wconf 84' lang='lat' dir='ltr'>Phlegon.</span> <span class='ocrx_word' id='word_1_888' title='bbox 1793 3127 1886 3159; x_wconf 88' lang='lat' dir='ltr'>Trall.</span> <span class='ocrx_word' id='word_1_889' title='bbox 1906 3131 1952 3158; x_wconf 90' lang='lat' dir='ltr'>De</span> <span class='ocrx_word' id='word_1_890' title='bbox 1964 3127 2059 3159; x_wconf 87' lang='lat' dir='ltr'>rebus</span> <span class='ocrx_word' id='word_1_891' title='bbox 2077 3128 2189 3160; x_wconf 87' lang='lat' dir='ltr'>Mirab.</span> 
     </span>
     <span class='ocr_line' id='line_1_117' title="bbox 1163 3173 2190 3214; baseline 0 -7"><span class='ocrx_word' id='word_1_892' title='bbox 1163 3184 1191 3207; x_wconf 93' lang='lat' dir='ltr'>c.</span> <span class='ocrx_word' id='word_1_893' title='bbox 1223 3178 1268 3207; x_wconf 87' lang='grc'>19.</span> <span class='ocrx_word' id='word_1_894' title='bbox 1281 3178 1354 3214; x_wconf 80' lang='grc'>-9,</span> <span class='ocrx_word' id='word_1_895' title='bbox 1383 3174 1614 3213; x_wconf 77' lang='lat' dir='ltr'>Theopompus</span> <span class='ocrx_word' id='word_1_896' title='bbox 1633 3173 1859 3214; x_wconf 77' lang='lat' dir='ltr'>philosophus</span> <span class='ocrx_word' id='word_1_897' title='bbox 1879 3173 2131 3214; x_wconf 75' lang='lat' dir='ltr'>Pythaqoreus,</span> <span class='ocrx_word' id='word_1_898' title='bbox 2150 3175 2190 3207; x_wconf 87' lang='lat' dir='ltr'>ad</span> 
     </span>
     <span class='ocr_line' id='line_1_118' title="bbox 1162 3219 2188 3261; baseline 0.001 -9"><span class='ocrx_word' id='word_1_899' title='bbox 1162 3229 1259 3261; x_wconf 87' lang='lat' dir='ltr'>quem</span> <span class='ocrx_word' id='word_1_900' title='bbox 1279 3219 1405 3260; x_wconf 74' lang='lat' dir='ltr'>scripsit</span> <span class='ocrx_word' id='word_1_901' title='bbox 1427 3219 1578 3251; x_wconf 76' lang='lat' dir='ltr'>Libanius</span> <span class='ocrx_word' id='word_1_902' title='bbox 1605 3223 1630 3259; x_wconf 92' lang='lat'>1,</span> <span class='ocrx_word' id='word_1_903' title='bbox 1647 3223 1686 3252; x_wconf 88' lang='grc'>20</span> <span class='ocrx_word' id='word_1_904' title='bbox 1705 3219 1756 3252; x_wconf 90' lang='lat' dir='ltr'>ed.</span> <span class='ocrx_word' id='word_1_905' title='bbox 1784 3220 1840 3251; x_wconf 84' lang='lat' dir='ltr'>lat.</span> <span class='ocrx_word' id='word_1_906' title='bbox 1854 3224 1892 3252; x_wconf 88' lang='grc' dir='ltr'>Η.</span> <span class='ocrx_word' id='word_1_907' title='bbox 1909 3221 2070 3261; x_wconf 86' lang='lat' dir='ltr'>Stephani.</span> <span class='ocrx_word' id='word_1_908' title='bbox 2085 3225 2188 3261; x_wconf 91' lang='grc'>-10,</span> 
     </span>
     <span class='ocr_line' id='line_1_119' title="bbox 1168 3266 2189 3308; baseline 0.001 -10"><span class='ocrx_word' id='word_1_909' title='bbox 1168 3267 1399 3308; x_wconf 87' lang='lat' dir='ltr'>Theopompus</span> <span class='ocrx_word' id='word_1_910' title='bbox 1430 3266 1597 3307; x_wconf 72' lang='lat' dir='ltr'>Medicus,</span> <span class='ocrx_word' id='word_1_911' title='bbox 1610 3275 1662 3308; x_wconf 88' lang='lat' dir='ltr'>ap.</span> <span class='ocrx_word' id='word_1_912' title='bbox 1683 3267 1811 3299; x_wconf 80' lang='lat' dir='ltr'>Aetium</span> <span class='ocrx_word' id='word_1_913' title='bbox 1832 3267 1993 3299; x_wconf 89' lang='lat' dir='ltr'>medicum</span> <span class='ocrx_word' id='word_1_914' title='bbox 2015 3277 2047 3308; x_wconf 91' lang='lat' dir='ltr'>p.</span> <span class='ocrx_word' id='word_1_915' title='bbox 2064 3270 2132 3300; x_wconf 81' lang='lat'>840.</span> <span class='ocrx_word' id='word_1_916' title='bbox 2149 3289 2189 3294; x_wconf 93' lang='lat'>—</span> 
     </span>
     <span class='ocr_line' id='line_1_120' title="bbox 1166 3313 2188 3355; baseline 0.002 -10"><span class='ocrx_word' id='word_1_917' title='bbox 1166 3317 1215 3353; x_wconf 82' lang='lat'>11,</span> <span class='ocrx_word' id='word_1_918' title='bbox 1255 3313 1485 3354; x_wconf 85' lang='lat' dir='ltr'>Theopompus</span> <span class='ocrx_word' id='word_1_919' title='bbox 1512 3313 1633 3346; x_wconf 71' lang='lat' dir='ltr'>tibicen</span> <span class='ocrx_word' id='word_1_920' title='bbox 1665 3314 1919 3355; x_wconf 73' lang='lat' dir='ltr'>celeberrimus,</span> <span class='ocrx_word' id='word_1_921' title='bbox 1946 3314 2056 3354; x_wconf 87' lang='lat' dir='ltr'>Polyb.</span> <span class='ocrx_word' id='word_1_922' title='bbox 2095 3318 2188 3354; x_wconf 79' lang='lat' dir='ltr'>XXX,</span> 
     </span>
     <span class='ocr_line' id='line_1_121' title="bbox 1167 3363 1262 3400; baseline -0.011 -9"><span class='ocrx_word' id='word_1_923' title='bbox 1167 3363 1215 3400; x_wconf 86' lang='lat'>13,</span> <span class='ocrx_word' id='word_1_924' title='bbox 1234 3363 1262 3391; x_wconf 89' lang='lat'>3.</span> 
     </span>
    </p>
   </div>
   <div class='ocr_carea' id='block_1_12' title="bbox 2067 3427 2084 3450">
    <p class='ocr_par' dir='ltr' id='par_1_14' title="bbox 2067 3427 2084 3450">
     <span class='ocr_line' id='line_1_122' title="bbox 2067 3427 2084 3450; baseline 0 0"><span class='ocrx_word' id='word_1_925' title='bbox 2067 3427 2084 3450; x_wconf 76' lang='lat' dir='ltr'><strong><em>G</em></strong></span> 
     </span>
    </p>
   </div>
  </div>
 </body>
</html>
