2320 3684
601 119 934 193 APOLLODORI
966 150 1325 190 BIBLIOTHECAE
1354 149 1434 200 ΙΙΙ,
1467 154 1525 188 14.

14 265 132 292 στατο.
148 248 290 295 Ἐκείνη
313 245 368 295 δὲ,
386 247 433 289 ὡς
445 243 626 291 ἐθεάσατο,
649 242 712 279 οὐκ
728 239 904 278 ἀπεδίδου.
921 235 939 260 ⁶
953 237 1044 291 Κρί-

14 324 103 353 σεως
128 307 165 346 δὲ
195 307 252 345 ἐπὶ
284 304 365 348 Διὸς
387 300 578 356 γενομένης
594 330 605 349 ,
638 300 685 342 εἷς
712 297 834 351 μοίρας
860 295 1002 350 διῃρέθη
1029 299 1046 334 ὁ

20 366 188 410 ἐνιαυτός·
204 365 264 404 καὶ
279 364 362 416 μίαν
378 361 440 413 μὲν
454 359 537 414 παρ’
551 360 665 410 ἑαυτῷ
684 356 798 408 μένειν
814 355 873 394 τὸν
887 354 1047 403 Ἄδωνιν,

20 425 101 478 μίαν
123 424 159 462 δὲ
186 421 283 476 παρὰ
310 417 515 473 Περσεφόνῃ
539 414 751 470 προσέταξε,
776 412 839 461 τὴν
870 411 907 450 δὲ
927 410 1047 465 ἑτέραν

21 482 116 537 παρὰ
132 481 327 536 Ἀφροδίτῃ.
348 475 363 500 7
375 477 419 517 ‘O
437 475 473 514 δὲ
489 474 636 519 Ἄδωνις
648 473 758 525 ταύτῃ
769 471 976 527 προσένειμε
989 469 1050 508 καὶ

22 543 82 590 τὴν
99 541 189 580 ἰδίαν
211 530 347 592 μοῗραν.
362 535 537 589 ε’Υστερον
570 532 607 571 δὲ
633 531 788 586 θηρεύων
806 530 951 574 Ἄδωνις
983 527 1051 567 ὑπὸ

21 602 100 645 συὸς
118 598 263 650 πληγεὶς
285 594 446 635 ἀπέθανε.

78 661 130 713 (5)
154 657 336 710 Κέκροπος
356 653 392 692 δὲ
417 649 667 699 ἀποθανόντος,
685 647 846 703 Κραναὸς
873 644 1052 698 αὐτόχθων

22 719 84 767 ὢν,
105 719 157 772 ἐφ’
177 710 216 755 οἵ
233 714 292 754 τὸν
312 713 370 752 ἐπὶ
393 710 634 753 Δευκαλίωνος
645 707 784 760 λέγεται
804 704 1053 756 κατακλυσμὸν

23 775 196 830 γενέσθαι.
212 773 230 797 ²
241 767 355 816 Οῧτος
365 770 483 823 γήμας
494 771 533 807 ἐκ
547 766 809 818 Λακεδαίμονος
820 763 981 805 Πελιάδα
991 762 1054 810 τὴν

25 835 207 883 Μήνυτος,
235 830 398 884 ἐγέννησε
430 827 610 883 Κραναὴν,
634 826 693 866 καὶ
723 825 972 880 Κραναίχμην,
995 822 1056 861 καὶ

27 894 184 934 Ἀτθίδα·
215 887 258 940 ἧς
278 886 522 934 ἀποθανούσης
555 886 610 925 ἔτι
630 885 822 940 παρθένου,
846 883 910 931 τὴν
936 881 1056 936 χώραν

28 952 191 1008 Κραναὸς
210 949 347 989 Ἀτθίδα
359 945 630 1002 προσηγόρευσε.

82 1011 136 1064 (6)
164 1007 326 1064 Κραναὸν
351 1006 388 1045 δὲ
409 1004 567 1045 ἐκὸαλὼν
598 1002 818 1056 Ἀμφικτύων
843 1000 1058 1039 ἐδασίλευσε.

30 1073 64 1110 Τ
67 1073 166 1110 οῦτον
191 1067 274 1107 ἔνιοι
301 1065 365 1119 μὲν
395 1062 635 1106 Δευκαλίωνος
652 1093 663 1112 ,
689 1060 773 1100 ἔνιοι
802 1058 839 1099 δὲ
867 1058 1059 1111 αὐτόχθονα

30 1129 182 1182 λέγουσι.

84 1187 102 1212 ²
118 1184 384 1227 Βασιλεύσαντα
413 1180 451 1220 δὲ
480 1180 581 1220 αὐτὸν
605 1178 666 1226 ἔτη
690 1177 824 1217 δώδεκα
845 1175 1063 1230 Ἐριχθόνιος

33 1247 209 1288 ἓκὸάλλει.
235 1247 370 1284 Τοῦτον
391 1243 422 1280 οἱ
442 1239 506 1293 μὲν
524 1237 720 1292 Ἡφαίστου
737 1237 796 1275 καὶ
813 1240 877 1284 τῆς
899 1237 1063 1289 Κραναοῦ

35 1305 202 1359 θυγατρὸς
216 1302 365 1346 Ἀτθίδος
381 1294 470 1338 εἶναι
488 1297 668 1350 λέγουσιν·
687 1294 769 1334 οἶδὲ
788 1294 984 1349 Ἡφαίστου
1004 1291 1064 1331 καὶ

36 1367 194 1413 Ἀθηνᾶς,
209 1362 335 1407 οὕτως·
351 1362 367 1387 ³
381 1359 506 1405 Ἀθηνᾶ
527 1354 737 1411 παρεγένετο
746 1354 832 1408 πρὸς
850 1353 1065 1408 “Ηφαιστον,

34 1425 130 1464 ὅπλα
157 1419 422 1462 κατασκευάσαι
447 1416 606 1455 θέλουσα·
628 1418 646 1454 ὃ
673 1413 731 1463 δὲ,
747 1410 1068 1465 ἐγκαταλελειμμέ-

37 1499 95 1528 νος
116 1481 184 1521 ὑπὸ
198 1471 419 1535 Ἀφροδίτης,
434 1478 480 1520 εἷς
496 1474 682 1526 ἐπιθυμίαν
700 1473 827 1512 ὤλισθε
837 1475 900 1519 τῆς
913 1472 1068 1519 Ἀθηνᾶς,

38 1542 99 1582 καὶΙ
119 1539 255 1580 διώκειν
273 1536 380 1584 αὐτὴν
397 1534 538 1590 ἤρξατο·
549 1538 572 1581 ἡ
587 1533 624 1572 δὲ
639 1532 790 1606 ἔφευγεν.
806 1532 824 1557 4
836 1531 902 1574 Ὡς
917 1527 953 1568 δὲ
969 1527 1069 1581 ἐγγὺς

39 1603 147 1647 αὖτ’ἧς
163 1597 317 1650 ἐγένετο,
339 1595 454 1646 πολλῇ
478 1593 634 1644 ἀνάγκῃ,
663 1607 705 1638 ην
723 1589 791 1644 γὰρ
815 1588 947 1642 χωλὸς,
970 1589 1070 1626 ἐπει-

43 1666 126 1714 ρᾶτο
146 1658 332 1696 συνελθεῖν.
352 1653 398 1691 Ἥ
413 1651 468 1701 δὲ,
487 1653 534 1696 ὡς
548 1650 696 1704 σώφρων
713 1649 772 1688 καὶ
785 1646 955 1701 παρθένος
970 1643 1070 1694 οὖσα,

39 1720 105 1758 οὔκ
122 1715 303 1768 ἠνέσχετο.
323 1712 368 1752 Ὁ
388 1710 425 1750 δὲ
450 1707 720 1762 ἀπεσπέρμηνεν
749 1710 797 1753 εἷς
811 1707 851 1746 τὸ
868 1705 991 1750 σκέλος
1010 1708 1072 1752 τῆς

42 1780 131 1819 θεᾶς.
149 1773 166 1796 ⁵
186 1760 328 1818 ’Κκείνη
356 1769 390 1809 δὲ
414 1771 654 1821 μυσαχθεῖσα,
673 1765 755 1820 ἐρίῳ
781 1764 994 1816 ἀπομάξασα
1012 1763 1070 1802 τὸν

40 1834 143 1888 γόνον
162 1834 209 1876 εἷς
227 1834 293 1884 γ’ἧν
314 1829 446 1883 ἔρριψε.
469 1825 679 1878 Φευγούσης
706 1823 742 1864 δὲ
768 1826 875 1872 αὐτῆς
888 1855 899 1876 ,
931 1823 990 1862 καὶ
1010 1826 1072 1870 τῆς

43 1896 147 1946 γονῆς
162 1892 208 1935 εἷς
223 1893 288 1942 γ’ἧν
307 1888 499 1935 πεσούσης,
517 1884 733 1940 Ἐριχθόνιος
750 1884 892 1936 γίνεται.
913 1883 1072 1922 6Τοῦτον

46 1952 173 2000 Ἀθηνᾶ
205 1948 319 2003 κρύφα
347 1949 417 1986 τῶν
444 1945 560 1984 ἄλλων
588 1946 673 1983 θεῶν
710 1942 866 1997 ἔτρεφεν,
902 1941 1073 1980 ἀθάνατον

46 2009 195 2050 θέλουσα
222 2009 385 2054 ποιῆσαι·
423 2003 483 2043 καὶ
517 2006 709 2042 καταθεῖσα
730 2001 833 2040 αὐτὸν
858 2002 906 2044 εἷς
935 2000 1074 2049 κίστην,

48 2066 242 2122 Πανδρόσῳ
273 2068 317 2118 τῇ
343 2063 527 2117 Κέκροπος
569 2059 851 2116 παρακατέθετο,
878 2061 1076 2098 ἀπειποῦσα

47 2126 111 2176 τὴν
133 2126 257 2172 κίστην
276 2123 437 2175 ἀνοίγειν.
456 2125 473 2150 7
490 2123 535 2160 Αἱ
565 2119 601 2159 δὲ
631 2119 776 2174 ἀδελφαὶ
795 2122 858 2166 τῆς
872 2117 1076 2171 Πανδρόσου

49 2185 245 2236 ἀνοίγουσιν
274 2181 343 2220 ὑπὸ
370 2180 590 2234 περιεργίας,
617 2178 678 2217 καὶ
707 2180 853 2216 θεῶνται
874 2180 925 2230 τῷ
959 2175 1078 2231 βρέφει

49 2240 373 2299 παρεσπειραμένον
386 2239 575 2294 δράκοντα·
595 2238 695 2285 8καὶ,
713 2239 760 2281 ὡς
776 2236 838 2288 μὲν
854 2235 938 2275 ἔνιοι
952 2235 1079 2288 λέγου-

51 2319 117 2351 σιν,
140 2305 199 2341 ὑπ’
225 2303 331 2339 αὐτοῦ
357 2297 590 2353 διεφθάρησαν
623 2301 685 2336 τοῦ
721 2295 927 2350 δράκοντος,
964 2297 1011 2339 ὡς
1042 2295 1078 2333 δὲ

51 2362 153 2411 ἔνιοι,
169 2361 211 2400 δι’
231 2359 336 2413 ὀργὴν
354 2358 498 2406 Ἀθηνᾶς
515 2358 682 2408 ἐμμανεῖς
698 2354 898 2407 γενόμεναι,
914 2353 1006 2393 κατὰ
1017 2357 1080 2402 τῆς

53 2419 275 2476 ἀκροπόλεως
285 2417 390 2460 αὑτὰς
404 2416 560 2470 ἔρριψαν.
575 2415 664 2454 9Ἐν
679 2413 716 2452 δὲ
726 2417 777 2468 τῷ
792 2413 928 2466 τεμένει
941 2414 1080 2468 τραφεὶς

0 2479 1 2488 ³
53 2480 271 2534 Ἐριχθόνιος
286 2477 345 2516 ὑπ’
356 2478 463 2522 αὐτῆς
477 2475 619 2522 Ἀθηνᾶς
631 2504 641 2522 ,
655 2473 813 2512 ἐκὸαλὼν
834 2472 1081 2528 Ἀμφικτύονα,

53 2538 276 2577 ἐὸασίλευσεν
298 2536 452 2582 Ἀθηνῶν
469 2533 528 2572 καὶ
547 2533 588 2572 τὸ
611 2534 646 2571 ἓν
671 2531 860 2586 ἀκροπόλει
879 2531 998 2577 ξόανον
1019 2534 1082 2578 τῆς

54 2597 198 2643 Ἀθηνᾶς
216 2594 398 2649 ἱδρύσατο,
417 2592 477 2631 καὶ
496 2594 566 2630 τῶν
591 2592 846 2640 Παναθηναίων
872 2590 935 2638 τὴν
959 2589 1080 2644 ἑορτὴν

57 2653 306 2702 συνεστήσατο.
328 2653 358 2678 ¹⁰
369 2651 442 2691 Καὶ
457 2649 637 2690 Πασιθέαν
654 2646 771 2697 Νηΐδα
783 2649 923 2704 νύμφην
938 2649 1081 2701 ἔγημεν,

30 2720 33 2721 ’
57 2712 91 2760 ἐξ
107 2707 149 2761 ἧς
163 2718 246 2756 παῖς
266 2710 428 2751 Πανδίων
450 2709 629 2762 ἐγεννήθη.

57 2787 63 2794 “
113 2773 166 2823 (7)
186 2769 406 2825 Ἐριχθονίου
426 2769 463 2807 δὲ
476 2765 710 2811 ἀποθανόντος
722 2767 782 2805 καὶ
798 2766 966 2822 ταφέντος
984 2768 1019 2805 ἐν
1033 2769 1084 2819 τῷ

58 2829 194 2882 τεμένει
212 2832 274 2877 τ’ῆς
292 2827 459 2876 Ἀθηνᾶς,
491 2825 656 2866 Πανδίων
676 2825 917 2864 ἐὸασίλευσεν·
939 2825 1019 2880 2ἐφ’
1045 2820 1084 2864 οὗ

61 2887 232 2942 Δημήτηρ
252 2887 312 2926 καὶ
336 2885 502 2928 Διόνυσος
514 2886 562 2929 εἷς
581 2884 644 2933 τὴν
661 2883 826 2932 Ἀττικὴν
841 2879 961 2932 ἦλθον.
979 2884 1085 2923 Ἀλλὰ

33 2967 40 2975 x
61 2947 259 3001 ιΔήμητρα
276 2945 340 2998 μὲν
361 2944 490 2988 Κελεὸς
517 2946 564 2988 εἷς
585 2943 649 2991 τὴν
671 2943 858 2983 Ἐλευσῖνα
884 2942 1085 2993 ὑπεδέξατο,

63 3005 226 3046 Διόνυσον
245 3004 283 3043 δὲ
300 3003 462 3058 Ἰκάριος,
481 3003 541 3042 καὶ
556 3002 731 3055 λαμὸάνει
750 3002 832 3056 παρ’
844 3003 951 3041 αὐτοῦ
964 3004 1087 3054 κλῆμα

64 3063 235 3116 ἀμπέλου.
254 3063 327 3103 Καὶ
344 3062 389 3101 τὰ
404 3062 483 3116 περὶ
501 3061 566 3110 τὴν
596 3060 785 3100 οἰνοποιίαν
808 3061 1007 3112 μανθάνων,
1026 3061 1086 3100 καὶ

63 3122 125 3167 τὰς
142 3126 204 3162 τοῦ
224 3126 301 3161 θεοῦ
323 3120 549 3176 δωρήσασθαι
572 3119 682 3159 θέλων
708 3120 858 3174 χάριτας
880 3119 1086 3174 ἀνθρώποις,

66 3182 261 3236 ἀφικνεῖται
285 3179 370 3235 πρός
393 3196 489 3224 τινας
517 3178 707 3232 ποιμένας,
740 3179 774 3217 οἳ
789 3179 999 3231 γευσάμενοι
1025 3182 1087 3218 τοῦ

66 3244 196 3289 ποτοῦ,
224 3240 283 3278 καὶ
310 3240 417 3294 χωρὶς
445 3239 568 3283 ὕδατος
593 3239 637 3277 δι’
659 3238 786 3287 ἡδονὴν
813 3239 961 3292 ἀφειδῶς
987 3237 1090 3277 ἑλκύ-

69 3313 208 3348 σαντες,
227 3299 480 3352 πεφαρμάχθαι
496 3298 693 3350 νομίζοντες
705 3329 715 3347 ,
744 3296 950 3336 ἀπέκτειναν
972 3296 1087 3335 αὐτόν.

69 3357 157 3397 Μεθ’
176 3356 312 3410 ἡμέραν
331 3357 367 3395 δὲ
384 3356 588 3407 νοήσαντες,
607 3356 737 3409 ἔθαψαν
754 3354 869 3394 αὐτόν.
889 3353 1086 3409 4Ἠριγόνῃ

2047 149 2124 184 175

1099 256 1234 290 puerum
1248 249 1480 290 conspexisset,
1497 247 1629 281 reddere
1641 255 1716 280 eum
1731 244 1848 278 noluit.
1867 247 1883 267 ⁰
1892 242 2006 276 Delato
2019 242 2059 275 ad
2073 244 2131 275 Jo-

1100 315 1173 340 vem
1187 307 1322 348 judicio,
1341 317 1445 340 annus
1458 307 1490 340 in
1505 308 1570 340 tres
1584 305 1712 338 divisus
1724 306 1774 337 est
1784 304 1905 346 partes,
1922 303 2020 343 atque
2029 300 2128 342 jussit

1101 369 1243 410 Jupiter,
1258 370 1295 401 ut
1310 379 1409 401 unam
1427 369 1481 401 ubi
1497 369 1567 410 ipse
1581 368 1678 400 vellet
1693 366 1815 400 Adonis
1828 365 1974 406 degeret,
1995 363 2129 396 alteram

1101 428 1189 469 apud
1199 428 1437 468 Proserpinam,
1449 428 1577 460 tertiam
1590 427 1730 468 denique
1743 425 1829 467 apud
1840 427 2011 457 Venerem.
2021 428 2034 447 ⁷
2045 422 2130 455 Huic

1102 486 1212 519 autem
1231 488 1263 518 et
1277 495 1369 518 suam
1394 487 1499 528 ipsius
1520 489 1645 528 partem
1683 485 1806 519 Adonis
1827 483 1989 517 attribuit.
2004 482 2132 522 (Postea

1103 545 1137 578 in
1157 545 1330 578 venatione
1348 544 1388 576 ab
1404 554 1482 586 apro
1496 545 1684 578 vulneratus
1703 544 1850 585 occidit.)

1149 669 1194 710 (5)
1219 670 1363 709 Cecrope
1381 670 1529 707 mortuo,
1546 669 1692 709 regnavit
1709 670 1855 701 cranaus
1880 666 2048 707 indigena,
2073 663 2135 697 sub

1107 738 1172 770 quo
1181 727 1390 761 Deucalionis
1398 726 1559 759 diluvium
1574 727 1675 759 fuisse
1689 727 1820 759 dicitur.
1837 726 1922 758 ΩΗίο
1938 726 2038 758 ducta
2047 733 2065 756 e
2078 725 2137 756 La·

1108 789 1293 822 cedaemone
1316 786 1444 819 Peliade
1470 786 1608 827 Menytis
1625 786 1710 825 filia,
1733 785 1914 826 procreavit
1941 787 2090 817 Cranaen
2105 784 2139 816 et

1109 845 1345 879 Cranaechmen
1356 845 1389 876 et
1407 843 1572 876 Atthidem
1585 854 1594 883 ;
1613 851 1687 883 quae
1710 852 1812 883 quum
1825 842 1916 883 virgo
1930 841 2037 874 adhuc
2051 840 2138 873 diem

1110 904 1255 944 obiisset,
1271 905 1417 936 cranaus
1433 902 1474 934 ab
1488 910 1526 934 ea
1538 904 1657 933 terram
1674 901 1812 933 Atticam
1829 900 2019 932 nominavit.

1155 1022 1201 1064 (6)
1226 1023 1349 1054 cranao
1373 1019 1510 1062 expulso
1530 1019 1678 1060 regnavit
1704 1018 1937 1060 Amphictyon,
1960 1026 2057 1058 quem
2087 1017 2141 1049 alii

1112 1081 1318 1116 Deucalionis
1334 1080 1450 1120 filium,
1470 1079 1524 1111 alii
1538 1078 1723 1120 indigenam
1743 1077 1844 1109 fuisse
1859 1077 1983 1110 dicunt.

1157 1203 1172 1222 ⁹
1182 1201 1276 1232 Hunc
1290 1198 1365 1240 post
1379 1205 1515 1239 regnum
1525 1195 1699 1228 duodecim
1712 1203 1871 1227 annorum
1881 1193 1972 1234 ejecit
1981 1194 2146 1226 Erichtho-

1117 1258 1202 1298 nius,
1219 1267 1316 1299 quem
1329 1256 1478 1289 nonnulli
1484 1256 1631 1288 Vulcano
1639 1257 1672 1286 et
1686 1252 1819 1286 Atthide
1829 1253 1947 1285 Granai
1959 1252 2023 1284 filia
2034 1256 2145 1285 natum

1118 1319 1244 1359 dicunt,
1262 1316 1409 1349 nonnulli
1427 1317 1537 1348 autem
1553 1314 1701 1347 Vulcano
1715 1315 1747 1346 et
1762 1313 1918 1351 Minerva,
1934 1313 2022 1344 hunc
2036 1313 2070 1344 in
2083 1320 2147 1344 mo·

1119 1381 1219 1413 dum:
1232 1385 1245 1403 ³
1258 1380 1405 1412 Minerva
1415 1387 1504 1411 arma
1514 1378 1574 1410 sibi
1584 1377 1731 1410 fabricari
1745 1376 1856 1408 volens
1870 1376 2054 1408 Vulcanum
2068 1373 2156 1407 a'die-

1120 1442 1179 1472 rat.
1189 1441 1284 1472 Hunc
1291 1438 1419 1470 interim
1428 1440 1575 1470 avenere
1585 1436 1734 1468 relictum
1740 1435 1895 1468 Minervae
1905 1434 2092 1476 stuprandae
2099 1435 2150 1467 de·

1122 1500 1277 1532 siderium
1294 1499 1427 1532 incessit
1442 1499 1475 1530 et
1489 1497 1645 1538 impetum
1658 1497 1692 1528 in
1704 1505 1776 1528 eam
1790 1496 1893 1528 facere
1907 1503 2076 1536 aggressus
2090 1496 2151 1526 est.

1122 1559 1182 1592 Illa
1202 1568 1280 1592 vero
1302 1558 1396 1600 fugit.
1417 1557 1606 1591 ⁴Vulcanus
1621 1558 1731 1588 autem
1753 1555 1922 1587 assecutus
1946 1562 2028 1593 eam,
2042 1561 2152 1594 quam-

1122 1627 1221 1660 quam
1244 1617 1347 1649 multo
1371 1626 1446 1649 cum
1463 1616 1573 1648 labore
1602 1600 1690 1654 (nam
1709 1614 1844 1647 claudus
1860 1614 1958 1653 erat),
1978 1613 2084 1645 coitus
2100 1608 2149 1641 fa-

1123 1677 1237 1708 cturus
1250 1676 1318 1707 erat
1328 1674 1518 1716 periculum.
1532 1675 1574 1705 At
1588 1673 1744 1712 Minerva,
1757 1671 1876 1713 pudica
1885 1671 1918 1704 et
1933 1671 2036 1712 virgo,
2049 1670 2152 1702 virum

1124 1744 1189 1767 non
1217 1734 1362 1770 admisit,
1393 1733 1449 1775 qui
1475 1733 1583 1774 itaque
1611 1733 1645 1764 in
1671 1732 1776 1764 femur
1798 1731 1867 1763 deae
1889 1739 1999 1763 semen
2026 1729 2154 1762 effudit.

1125 1794 1244 1832 *Quod
1262 1794 1448 1826 abominata
1462 1792 1516 1824 illa
1533 1800 1641 1824 semen
1653 1791 1728 1823 lana
1743 1791 1906 1823 detersum
1921 1791 1954 1822 in
1971 1792 2087 1822 terram
2106 1789 2157 1820 ab·

1123 1854 1201 1895 jecit
1230 1855 1262 1886 et
1287 1852 1363 1893 fuga
1388 1861 1422 1884 se
1454 1850 1584 1892 recepit.
1612 1852 1662 1882 Ex
1690 1850 1833 1882 demisso
1855 1858 1933 1881 vero
1964 1848 1996 1880 in
2019 1848 2157 1880 humum

1127 1911 1250 1944 semine
1279 1910 1422 1943 nascitur
1454 1909 1697 1942 Erichthonius.
1715 1913 1730 1932 ⁶
1746 1910 1841 1941 Hunc
1870 1908 2014 1939 Minerva
2031 1906 2159 1937 immor-

1127 1971 1224 2003 talem
1250 1969 1382 2002 reddere
1411 1968 1546 2002 studens
1579 1968 1663 2000 clam
1695 1967 1809 2000 ceteris
1837 1966 1900 1999 diis
1931 1965 2100 2004 educavit,
2127 1967 2159 1997 et

1127 2030 1160 2061 in
1187 2029 1270 2061 cista
1293 2029 1483 2070 impositum
1512 2026 1679 2060 Pandroso
1702 2025 1857 2067 Cecropis
1879 2025 1955 2057 tiliae
1977 2024 2158 2057 custodien-

1129 2087 1207 2119 dum
1225 2085 1376 2124 tradidit,
1406 2093 1447 2117 ne
1474 2084 1589 2117 cistam
1607 2083 1662 2116 illa
1688 2083 1823 2124 aperiret
1849 2082 2054 2115 interdicens.
2070 2087 2083 2106 ⁷
2097 2083 2159 2115 Sed

1130 2145 1286 2178 Pandrosi
1312 2153 1438 2177 sorores
1463 2143 1600 2176 curiosae
1616 2143 1732 2175 cistam
1747 2142 1897 2184 aperiunt
1909 2151 1946 2174 ac
1967 2142 2160 2174 advolutum

1131 2214 1233 2246 puero
1261 2205 1434 2236 draconem
1451 2202 1674 2244 conspiciunt,
1693 2206 1707 2224 ⁸
1723 2210 1742 2233 a
1761 2210 1844 2242 quo,
1873 2201 2053 2234 secundum
2086 2210 2161 2233 non-

1131 2263 1249 2304 nullos,
1261 2263 1441 2295 interemtae
1455 2264 1549 2304 sunt;
1564 2261 1700 2295 aliorum
1715 2269 1792 2293 vero
1809 2260 1993 2293 testimonio
2008 2269 2065 2301 per
2080 2260 2160 2291 iram

1131 2323 1286 2355 Minervae
1300 2322 1409 2354 surore
1430 2321 1561 2363 percitae
1573 2321 1613 2354 de
1636 2330 1709 2354 arce
1732 2330 1767 2354 se
1781 2321 1964 2362 praecipites
1989 2320 2160 2352 dederunt.

1132 2388 1147 2408 ⁹
1158 2381 1392 2415 Erichthonius
1405 2382 1513 2414 autem
1529 2380 1649 2422 abipsa
1664 2380 1811 2413 Minerva
1820 2380 1854 2412 in
1864 2379 1983 2421 templo
1993 2379 2162 2416 educatus,

1132 2441 1227 2483 pulso
1246 2441 1493 2482 Amphictyone,
1506 2440 1705 2472 Athenarum
1721 2447 1818 2480 regno
1831 2439 1952 2479 potitus
1971 2440 2040 2477 est,
2058 2440 2090 2469 et
2104 2437 2163 2469 Mi-

1134 2508 1244 2532 nervae
1259 2499 1470 2532 simulacrum
1484 2497 1518 2529 in
1535 2506 1608 2529 arce
1623 2497 1844 2536 consecravit,
1859 2495 2162 2528 Panathenaeorum-

1134 2569 1197 2602 que
1233 2561 1352 2593 festum
1375 2559 1527 2592 instituit.
1557 2562 1585 2582 ¹0
1595 2560 1737 2591 Uxorem
1763 2557 1856 2589 duxit
1890 2556 2072 2588 Pasitheam
2084 2577 2093 2593 ,
2122 2562 2160 2586 ex

1135 2629 1200 2662 qua
1211 2619 1412 2653 Pandionem
1428 2619 1530 2651 filium
1549 2619 1702 2659 suscepit.

1180 2785 1226 2827 (7)
1248 2783 1460 2817 Erichthonio
1475 2782 1544 2814 vita
1559 2780 1713 2813 defuncto
1734 2780 1766 2811 et
1800 2778 1834 2809 in
1854 2777 1994 2809 sacrario
2009 2776 2164 2809 Minervae

1138 2849 1276 2891 sepulto,
1284 2847 1439 2881 successit
1449 2845 1606 2884 Pandion;
1618 2847 1632 2866 2
1639 2851 1704 2884 quo
1710 2842 1863 2882 regnante
1873 2842 1970 2874 Ceres
1980 2840 2012 2872 et
2018 2839 2165 2872 Bacchus

1138 2913 1172 2945 in
1180 2912 1319 2945 Atticam
1329 2919 1456 2942 venere.
1473 2911 1621 2941 Cererem
1632 2905 1783 2938 Eleusine
1793 2904 1908 2937 Celeus
1917 2903 2055 2945 excepit,
2066 2907 2080 2926 ³
2088 2905 2164 2936 Bac-

1139 2978 1236 3010 chum
1254 2985 1332 3010 vero
1350 2974 1472 3008 Icarius
1486 2996 1495 3012 ‚
1511 2973 1568 3013 qui
1587 2971 1628 3003 ab
1643 2979 1682 3003 eo
1710 2970 1784 3002 vitis
1805 2970 1972 3011 palmitem
1995 2970 2118 3011 accepit
2133 2971 2166 3002 et

1139 3043 1207 3075 vini
1223 3040 1361 3074 faciendi
1374 3039 1531 3071 rationem
1546 3036 1681 3068 edoctus
1696 3037 1757 3067 est.
1775 3036 1808 3067 Is
1827 3033 1924 3075 igitur
1945 3034 1997 3066 dei
2011 3033 2168 3067 beneficia

1139 3105 1331 3138 mortalibus
1346 3102 1569 3144 impertiturus
1579 3099 1620 3132 ad
1629 3100 1778 3140 pastores
1788 3107 1823 3131 se
1837 3098 1996 3140 quosdam
2009 3097 2146 3130 contulit
2154 3123 2165 3139 ‚

1140 3170 1197 3211 qui
1221 3177 1323 3210 quum
1347 3166 1531 3207 gustassent
1545 3165 1658 3206 potum
1679 3165 1712 3195 et
1731 3162 1822 3195 nulla
1845 3170 1931 3203 aqua
1952 3163 2167 3204 temperatum

1142 3234 1240 3267 animi
1256 3230 1496 3271 caussalargius
1521 3229 1717 3268 hausissent,
1735 3228 1857 3260 malum
1874 3227 1936 3260 sibi
1951 3227 2167 3260 medicamen-

1142 3302 1212 3331 tum
1234 3297 1348 3329 datum
1364 3304 1435 3328 esse
1458 3294 1604 3327 arbitrati
1627 3294 1767 3327 Icarium
1790 3292 2029 3325 interfecerunt.
2046 3294 2167 3324 Verum

1142 3363 1298 3405 postridie
1312 3370 1414 3403 quum
1434 3360 1539 3394 scelus
1558 3359 1776 3401 perpetratum
1802 3358 2040 3400 cognovissent,
2060 3357 2167 3398 ipsum
