2320 3684
138 202 186 236 60

134 280 327 322 Τενέδου”
304 296 437 335 ῳχοντο
459 282 505 324 εἷς
523 280 581 319 τὸν
603 279 750 319 Μέλανα
770 278 910 328 κόλπον,
933 279 993 318 και
1017 282 1153 332 πρῶτον

137 339 200 391 μὲν
220 342 266 383 εἷς
281 342 457 391 Α’ῆμνον’
437 339 611 392 αφίκοντο.
631 332 749 376 Ησαν
769 337 805 376 δὲ
822 337 938 376 αὐτόθι
952 343 1156 378 κατοικοῦν-

136 414 190 442 τες
203 397 342 453 Θρᾷκές
353 413 423 436 τινε
426 413 441 440 ς
455 426 464 443 ,
485 398 523 434 οὗ
543 395 666 434 πολλοι
679 395 866 449 ἄνθρωποι·
885 396 1100 448 ἐγεγόνεισαν
1118 396 1155 436 δὲ

137 456 347 507 μιξέλληνες.
374 454 527 498 Τούτους
556 454 701 492 ἐκάλουν
736 456 767 492 οἱ
795 454 963 507 περίοικοι
993 455 1154 505 Σίντιας,

136 514 189 553 ὅτι
207 508 295 561 ἦσαν
317 516 428 551 αὐτῶν
447 511 650 566 δημιουργοί
673 528 761 556 τινες
783 513 1038 566 πολεμιστήρια
1062 514 1153 553 ὅπλα

136 571 367 643 ἐργαζόμενοι.
405 570 552 615 Τούτοις
579 570 775 624 συνῴκισαν
803 571 944 616 ἑαυτους
965 572 1127 624 ἀναμιξ
1108 590 1154 617 ως

136 633 239 677 ἦλθον
260 628 390 677 αὐτόθι,
406 629 465 668 καὶ
487 628 674 668 κατέλιπον
698 645 782 672 ναυς
802 629 914 669 πέντε.
934 635 982 669 Et
1010 645 1059 669 ex
1078 632 1153 670 alio

136 688 296 726 Codice·
317 686 522 731 Ἑλλάνικος
541 682 599 726 οὖν
620 703 705 740 φησι
730 686 935 738 μιξέλληνας
963 693 1064 739 εἶναι,
1093 689 1153 728 καὶ

134 746 334 795 πολεμικῶν
354 744 470 783 ὅπλων
490 745 660 798 τεχνίτας.

189 804 296 842 Idem
334 818 433 855 opus
471 805 567 856 (sine
600 804 719 843 dubio
747 814 896 856 partem
931 806 1154 858 superioris)

134 866 292 901 Tzetzes
309 872 584 901 commemorat
609 863 658 901 ad
678 865 871 916 Lycophr.
890 878 980 912 227,
1000 879 1047 902 ex
1076 879 1153 915 quo

133 930 265 959 narrat
292 922 493 959 inventum
524 922 671 960 fuisse·
662 937 701 960 ln
722 927 865 961 Lemno
895 922 965 961 ἀπὸ
990 939 1155 976 κεραυνορ

134 978 237 1017 δόλου
257 978 395 1034 δένδρου
411 979 451 1018 τό
469 995 507 1018 τε
527 980 677 1075 πῦρΙκαὶ
696 979 758 1024 τὰς
779 981 994 1034 ὁπλουργίας

632 1040 689 1077 13.

186 1096 314 1134 Schol.
334 1097 462 1147 Apoll
483 1096 664 1144 Rhod.1,
686 1098 775 1144 608,
795 1106 832 1136 et
851 1112 900 1136 ex
919 1112 965 1136 eo
986 1099 1152 1136 Phavor.

131 1153 171 1190 in
186 1167 220 1191 v.
241 1151 402 1201 Σιντηις;
417 1153 624 1198 Ἑλλάνικος
638 1155 673 1192 δε
693 1170 778 1208 φησι
797 1155 938 1199 Σίντιας
953 1157 1155 1207 ὠνομασθῆ-

131 1227 188 1249 ναι
219 1211 298 1255 τους
328 1212 531 1284 Λημνίους,
565 1212 621 1251 διὰ
645 1212 686 1251 τὸ
702 1212 862 1265 πρώτους
895 1214 986 1252 ὅπλα
1008 1229 1155 1261 ποιησαι

59 1300 62 1303 .
130 1269 307 1320 πολεμικὰ
334 1269 421 1325 πρὸς
447 1270 487 1309 τὸ
515 1271 669 1309 σίνεσθαι
695 1270 773 1315 τους
799 1272 948 1319 πλησίον
982 1272 1041 1310 καὶ
1066 1271 1154 1323 βλά-

130 1342 240 1367 πτειν.

182 1390 271 1424 Haec
309 1388 350 1424 in
375 1388 469 1426 Cod.
500 1388 617 1425 Paris.
651 1387 807 1426 brevius
842 1389 895 1426 ita
923 1389 1151 1428 traduntur:

130 1443 337 1488 Ελλάνικος
366 1445 403 1483 δέ
437 1461 555 1499 φησιν,
587 1444 695 1489 οὕτως
727 1445 850 1490 αὐτους
877 1448 1067 1496 κληθηναι,
1101 1447 1153 1485 ὅτι

129 1503 267 1555 πρῶτον
287 1501 503 1554 ἐχάλκευσαν
523 1502 628 1554 ὅπλα,
643 1497 692 1546 οἷς
711 1503 864 1542 σίνονται
882 1507 913 1543 οἱ
926 1505 1098 1556 πολέμιοι.

183 1565 340 1599 Tzetzes
365 1562 412 1599 ad
439 1563 630 1613 Lycophr.
657 1563 757 1608 460:
777 1562 943 1614 Λημνιοι,
973 1562 1020 1607 ὥς
1048 1579 1152 1617 φησιν

130 1617 336 1663 Ἑλλάνικος
346 1623 473 1673 ,εὗρον
495 1620 710 1660 ὁπλοποιίαν.

554 1699 727 1713 -οοφ-

533 1758 749 1797 ΑῙΟΛΙΚΑ.

598 1821 683 1859 114.

184 1880 339 1914 Tzetzes
380 1878 430 1914 ad
463 1879 658 1929 Lycophr.
706 1879 839 1925 1374:
871 1877 929 1917 Τὰ
969 1877 1048 1930 περὶ
1090 1893 1151 1925 της

131 1934 292 1978 ἀποικίας
329 1933 468 1973 Λέσὸου
504 1935 708 1979 Ἑλλάνικος
733 1939 751 1974 ὃ
769 1935 918 1980 Λέσὸιος
955 1938 1084 1989 ἱστορεῖ
1115 1938 1149 1974 ἐν

128 1992 250 2046 πρώτῃ
274 1994 458 2033 Αἷολικων.
479 1996 597 2032 Paulo
611 1996 721 2033 aliter
735 1995 860 2033 Schol.
878 1995 1027 2032 Pindar.
1042 1998 1149 2032 Nem.

130 2054 204 2101 XI,
227 2053 296 2096 43:
315 2051 403 2104 Περι
415 2068 476 2098 της
490 2051 699 2106 Ὀρέστου’
672 2069 717 2096 εις
732 2052 796 2100 τὴν
811 2052 957 2092 Αἰολίδα
977 2052 1150 2101 ἀποικίας,

129 2108 372 2153 Ἑλλάνικος’
356 2126 391 2148 εν
413 2113 463 2164 τῷ
485 2110 614 2165 πρώτῳ
642 2113 815 2150 Αἷολικων
850 2110 1044 2165 ἱστόρηκεν.

130 2218 261 2259 profecti
274 2221 349 2250 sunt
360 2219 371 2259 (
379 2220 518 2260 Trojam'
527 2229 604 2252 cum
620 2221 731 2253 tribus
745 2221 894 2260 cabiris,
895 2223 936 2253 ut
958 2220 1151 2253 Welckerus

130 2268 179 2298 De
196 2265 310 2305 tra'loq.
322 2274 405 2307 paq.
424 2270 483 2299 207
504 2267 668 2307 conjecit)
698 2269 731 2299 in
748 2268 873 2300 Melana
892 2268 1011 2307 sinum,
1025 2270 1058 2300 et
1092 2268 1151 2308 pri-

130 2320 220 2343 mum
236 2312 365 2352 quidem
386 2313 418 2344 in
434 2316 592 2346 Lemnum
612 2315 751 2346 insulam
771 2314 1151 2347 venerunt.}1abitabant

130 2357 174 2390 ibi
190 2359 326 2390 Thraces
342 2360 482 2413 quidam,
503 2362 598 2402 pauci
619 2363 746 2393 tantum
781 2362 949 2400 homines;
973 2362 1150 2415 semigraeci

130 2407 232 2446 erant,
249 2415 331 2446 quos
346 2406 443 2438 vicini
463 2409 574 2449 populi
590 2408 798 2440 nominabant
817 2408 958 2447 SintieS,
973 2409 1049 2448 quia
1076 2418 1151 2440 non-

130 2452 208 2484 nulli
227 2453 308 2484 inter
322 2461 378 2485 eos
390 2454 518 2494 opifices
533 2464 621 2486 arma
643 2455 757 2486 bellica
775 2454 984 2487 fabricabant
1001 2457 1084 2487 cum
1098 2456 1149 2488 his

129 2499 311 2540 promiscue
335 2501 558 2534 cohabitarunt
587 2502 721 2534 advenae
754 2503 786 2533 et
815 2501 957 2542 quinque
977 2511 1075 2534 naves
1104 2503 1149 2534 ibi

130 2545 338 2586 reliquerunt

170 2593 292 2625 Arbore
324 2593 458 2626 fulmine
479 2594 543 2626 icta
563 2595 646 2636 ignis
667 2595 699 2626 in
719 2596 841 2626 Lemno
868 2595 1022 2627 inventus
1047 2596 1097 2627 est
1118 2597 1150 2627 et

130 2647 293 2671 armorum
309 2640 488 2673 fabricatio.

170 2732 355 2766 Hellanicus
368 2734 446 2766 dicit
461 2734 579 2767 Sinties
599 2735 784 2767 nominatos
812 2743 884 2767 esse
898 2735 1051 2767 Lemnios
1079 2744 1149 2776 pro-

128 2782 246 2820 pterea,
265 2781 353 2821 quod
371 2781 465 2822 primi
480 2781 686 2814 fabricassent
701 2791 790 2814 anna
809 2782 921 2814 bellica
936 2782 1053 2823 quibus
1078 2783 1149 2815 aliis

128 2829 278 2858 nocerent
295 2827 423 2867 (nocere
440 2828 525 2861 enim
546 2837 648 2870 graece
663 2828 784 2861 dicitur
797 2828 962 2869 σίνεσθαι).

170 2873 313 2914 Lemnii,
326 2875 493 2908 Hellanico
505 2877 653 2917 auctore,
671 2883 834 2908 armorum
849 2874 1115 2908 fabricationem·
1106 2885 1150 2908 in-

131 2921 297 2951 venerunt.

532 3027 750 3068 AEOLICA.

171 3128 252 3163 Quae
270 3128 309 3159 ad
334 3130 492 3162 coloniam
511 3132 545 3163 in
567 3131 709 3164 Lesbum
733 3132 903 3165 deductam
925 3133 1086 3173 pertinent
1107 3141 1148 3164 ab

127 3173 292 3205 Hellanico
302 3176 417 3207 Lesbio
424 3179 611 3211 narrantur
603 3188 636 3210 1n
645 3179 728 3211 libro
736 3180 839 3220 primo
847 3179 886 3212 de
896 3179 992 3211 rebus
1002 3179 1146 3212 AEolicis.

167 3221 214 3251 De
227 3221 368 3262 colonia,
386 3231 483 3262 quam
504 3227 632 3257 Orestes
648 3225 680 3257 in
700 3226 859 3258 AEolidem
875 3226 1031 3265 deduxit,
1047 3226 1149 3258 Hella·

128 3266 220 3298 nicus
234 3267 297 3307 egit
313 3268 394 3300 libro
410 3270 513 3309 primo
527 3271 566 3303 de
581 3271 677 3303 rebus
690 3273 831 3305 AEolicis

593 3325 605 3355 l

169 3370 280 3403 Pitana
302 3380 383 3403 sum
409 3375 522 3405 Exstat
544 3325 632 3415 apuaeT
642 3325 804 3409 5Alcaeum
833 3378 894 3409 hoc
915 3377 1144 3418 proxerbium,

899 195 1175 234 HELLANICI
1202 195 1534 236 FRAGMENTA.

1265 339 1407 378 Zenob.
1446 340 1659 379 Proverbb.
1690 345 1735 385 V,
1754 340 1979 388 61εΠιτάνη
2013 341 2097 394 εἶμί.
2127 341 2225 390 Αὕτη

1213 398 1398 448 (nempe-fi
1416 398 1602 452 παροιμία)
1621 399 1704 451 παρ’
1721 398 1870 452 Ἀλκαίῳ
1884 404 2007 441 κεῖται.
2025 399 2173 451 Λέγεται
2193 401 2229 439 δὲ

1209 453 1301 492 κατὰ
1322 471 1390 494 των
1408 462 1553 499 πυκναῖς
1569 462 1760 510 συμφοραῖς
1778 456 2058 510 περιπιπτόντων
2077 457 2150 509 ἅμα
2169 474 2228 497 και

1209 513 1422 565 εὐπραγίαις.
1449 516 1614 574 Παρόσον
1635 514 1694 553 καὶ
1718 517 1762 566 τῇ
1785 514 1923 568 Πιτάνῃ
1942 519 2084 554 τοιαῦτα
2102 515 2229 563 συνέὸη

1208 570 1414 623 πράγματα,
1445 575 1492 610 ὡν
1518 572 1578 611 καὶ
1599 572 1804 617 Ἑλλάνικος
1824 573 2010 624 μέμνηται.
2038 574 2141 620 Φησι
2161 573 2229 648 γὰρ

1211 628 1346 676 αὐτὴν
1333 629 1400 668 υπὸ
1416 631 1609 682 Πελασγῶν
1624 631 1952 684 ἀνδραποδισθῆναι,
1968 631 2026 680 καὶ
2042 631 2177 671 πάλινε
2162 632 2230 671 υπὸ

1211 685 1424 740 Ἐρυθραίων
1441 689 1722 742 ἐλευθερωθηναι.

1263 746 1405 783 Eadem
1442 747 1585 784 habent
1618 748 1859 786 phavorinus
1886 757 1924 786 et
1966 748 2124 796 Suidas,
2164 748 2231 787 ubi

1211 809 1336 841 tamen
1355 817 1428 854 pro
1449 803 1662 857 Ἐρυθραίων
1682 806 1821 856 legitur
1836 805 1879 845 Ε
1873 804 2055 859 ρετριεων

1262 924 1402 962 Strabo
1421 928 1531 973 XIII,
1524 940 1586 987 p.
1610 928 1710 966 610:
1725 927 1826 974 Φησὶ
1851 926 1888 966 δὲ
1914 927 2088 981 Μυρσίλος
2109 930 2232 975 Μηθυ-

1211 981 1342 1031 μναίων
1362 982 1493 1034 κτίσμα
1512 988 1600 1023 εἰναι
1621 985 1683 1033 τὴν
1703 985 1851 1025 ”’·Ασσον
1872 985 2078 1030 Ἑλλάνικος
2096 985 2132 1025 δὲ
2149 987 2230 1026 Aio-

1209 1038 1288 1077 λίδα
1312 1040 1427 1093 φησίν·
1456 1044 1502 1086 ὡς
1529 1041 1564 1080 δὲ
1596 1043 1718 1082 καὶτὰ
1742 1043 1794 1083 Γ
1773 1059 1909 1097 αργαρα
1931 1044 1989 1082 καὶ
2016 1047 2039 1091 ἡ
2062 1046 2228 1096 Λαμπω-

1209 1095 1266 1134 νία
1285 1097 1450 1138 Αἰολέων
1470 1104 1514 1137 V.
1535 1102 1704 1140 Macrob.
1728 1105 1880 1140 Saturn.
1903 1106 1949 1150 V,
1980 1116 2040 1141 20.

1610 1187 1827 1202 ,ΜΨ-

1601 1239 1832 1278 ΛΕΣΒΙΚΑ

1263 1360 1395 1410 steph.
1417 1363 1529 1410 Byza
1520 1302 1720 1404 ’Μαλλόέιέ
1729 1302 1940 1400 7Απόλλων’
1924 1363 1959 1401 ἓν
1979 1362 2119 1417 Λέσὸῳ·
2133 1364 2193 1403 καὶ
2212 1367 2231 1402 ὃ

1209 1415 1313 1460 τόπος
1330 1421 1389 1455 τοῦ
1409 1419 1501 1471 ἱερου
1525 1417 1718 1467 Μαλλόεις,
1743 1418 1814 1458 ἀπὸ
1835 1435 1895 1458 του
1915 1419 2040 1468 Μηλου
2053 1423 2115 1469 τῆς
2134 1423 2230 1460 Μαν-

1208 1490 1308 1523 τους,
1328 1477 1374 1518 ὡς
1392 1475 1630 1519 Ἑλλάνικος’
1615 1492 1650 1514 εν
1668 1477 1848 1516 Λεσὸικῶν
1862 1477 2004 1532 πρώτῳ.

1263 1593 1392 1644 Steph.
1411 1536 1885 1647 Byz.·:Tp0{⁴sot:0t128(scribe
1900 1596 2116 1649 Τραγασαὶ),
2129 1612 2230 1651 χώρα

1209 1651 1243 1688 ἐν
1264 1650 1470 1704 Ἠπείρῳ,’
1452 1651 1521 1690 απὸ
1544 1653 1747 1706 Ἰραγάσου,
1765 1658 1803 1692 οὗ
1823 1656 1869 1697 εἷς
1887 1654 1990 1707 χάριν
2010 1657 2028 1693 ὃ
2053 1654 2229 1694 Ποσειδὼν

1209 1709 1302 1747 ἁλῶν
1321 1708 1460 1756 π’ῆξιν’
1444 1709 1617 1757 εποίησεν.
1634 1710 1741 1750 εὈθεν
1773 1712 1954 1785 ’ζΙράγασοι
1973 1714 2004 1751 οἱ
2025 1713 2110 1764 (leg.
2131 1716 2231 1767 Τρα-

1208 1769 1360 1819 γασαῖοι)
1381 1767 1478 1817 ἅλες,
1501 1770 1548 1811 ὡς
1566 1768 1806 1813 “Ελλάνικος’
1791 1786 1826 1808 εν
1841 1769 1970 1824 πρώτῳ
1989 1771 2207 1810 Λεσὸιακῶν.

1261 1828 1780 1935 8ιρρ1ι,Βγι,;Νάπη,τ1τέἋείς
1798 1885 1957 1925 Λέσὸου·
1979 1885 2212 1932 Ἑλλάνικος’
2197 1904 2231 1926 εν

1209 1940 1357 1995 δευτέρῳ
1374 1941 1594 1981 Λεσὸιακῶν.

1260 2051 1397 2090 strabo
1410 2056 1479 2101 IX,
1492 2067 1529 2104 p.
1551 2055 1650 2098 426.
1663 1996 1805 2108 ‘'lggtsp
1823 2054 1883 2093 καὶ
1898 2054 2043 2103 Νάπη’
2027 2071 2062 2094 εν
2080 2059 2130 2110 τῷ
2143 2058 2230 2104 Μη-

1207 2110 1338 2162 θύμνης
1351 2112 1470 2165 πεδίῳ,
1488 2113 1530 2160 ἣν
1549 2113 1755 2158 Ἑλλάνικος
1772 2116 1904 2166 ἀγνοῶν
1916 2115 2044 2163 Αάπην
2056 2115 2230 2167 ὀνομάζει.

1211 2220 1374 2262 ferturque
1387 2222 1450 2254 de'
1442 2222 1482 2254 lis
1489 2222 1544 2263 qui
1558 2223 1591 2254 in
1603 2231 1715 2263 graves
1729 2231 1830 2264 quum
1840 2223 2011 2255 inciderint
2021 2223 2231 2264 calamitates,

1210 2277 1338 2300 rursum
1352 2278 1393 2301 ex
1406 2269 1445 2301 iis
1461 2272 1638 2310 emergunt,
1655 2274 1817 2310 aguntque
1837 2270 1981 2302 feliciter.
1995 2270 2031 2303 Id
2048 2271 2135 2302 enim
2150 2270 2232 2302 Pita-

1209 2323 1260 2346 nae
1275 2324 1336 2347 usu
1351 2315 1452 2354 venit,
1468 2318 1506 2347 ut
1520 2316 1704 2348 Hellanicus
1725 2317 1840 2348 litteris
1857 2317 2006 2358 prodidit.
2024 2317 2132 2350 Refert
2143 2317 2232 2349 enim

1209 2370 1227 2392 a
1242 2361 1397 2402 Pelasgls
1388 2371 1422 2393 111
1433 2362 1622 2394 servitutem
1634 2362 1807 2403 redactam,
1816 2363 2228 2405 iterumqueabErythraeis

1209 2407 1243 2439 in
1257 2408 1424 2449 pristinam
1440 2408 1618 2442 libertatem
1629 2409 1836 2442 vindicatam.

1250 2508 1402 2548 Myrsilus
1415 2511 1534 2540 Assum
1550 2518 1568 2540 a
1586 2464 1812 2550 Met1131m‘131aeis
1825 2508 1987 2540 conditam
2005 2508 2073 2547 ait3
2092 2507 2231 2541 Hellani-

1209 2562 1266 2585 cus
1280 2555 1434 2586 AEolicam
1448 2555 1524 2587 facit
1538 2556 1668 2595 urbem,
1690 2558 1726 2588 ut
1739 2557 1884 2597 Gargara
1901 2563 2032 2596 quoque
2044 2557 2077 2587 et
2091 2557 2228 2596 Lampo-

1208 2600 1262 2632 nia
1276 2605 1353 2634 sunt
1370 2602 1514 2635 AEolidis.

1605 2702 1828 2741 LESBICA.

1250 2809 1411 2849 Malloeis‚
1427 2810 1490 2842 hoc
1502 2811 1632 2843 nomine
1648 2767 1773 2852 ΑρῙοὶΙΞ
1777 2811 1912 2844 colitur
1904 2821 1937 2844 1n
1951 2811 2076 2852 Lesbo,
2094 2813 2126 2843 et
2140 2810 2230 2843 locus

1209 2855 1322 2896 templi
1335 2856 1432 2888 etiam
1446 2856 1590 2889 Malloeis
1604 2857 1724 2889 dicitur
1736 2866 1755 2889 a
1768 2858 1851 2890 Mela
1862 2859 1994 2891 Mantus
2006 2857 2085 2898 filio,
2098 2859 2230 2890 auctore

1209 2901 1373 2934 Hellanico
1389 2902 1471 2934 libro
1492 2903 1597 2944 primo
1612 2903 1831 2935 Lesbicorum.

1248 3002 1411 3041 Tragasae,
1428 3001 1514 3042 regio
1529 3001 1563 3032 in
1577 2957 1693 3041 Epirol,
1702 2957 1895 3041 laSTragasQ
1923 3001 1958 3032 in
1988 3001 2080 3041 cujus
2093 2999 2227 3040 gratiam

1207 3048 1375 3088 Neptunus
1388 3047 1464 3079 salis
1476 3047 1697 3079 densationem
1713 3047 1797 3079 fecit.
1815 3047 1907 3080 Unde
1926 3048 2104 3087 fraqasaei
2118 3046 2223 3083 sales,

1207 3094 1245 3125 ut
1257 3092 1462 3125 Hellanicus
1453 3102 1486 3125 m
1501 3093 1729 3126 Lesbiacorum
1739 3093 1853 3134 primo.

2206 3148 2226 3164 Χ

1247 3193 1346 3232 Nape,
1362 3191 1440 3224 urbs
1453 3191 1561 3232 Lesbi,
1574 3191 1615 3224 de
1628 3146 1692 3232 qu}
1699 3146 1886 3224 lnzllanicus
1899 3190 1983 3224 dixit
1994 3190 2076 3223 libro
2086 3189 2227 3224 secundo

1207 3237 1447 3270 Lesbiacorum.

1248 3333 1337 3363 Sicut
1352 3331 1448 3363 etiam
1461 3332 1548 3371 Nape
1563 3331 1598 3362 in
1611 3286 1827 3371 Metssgmaeo
1839 3338 1965 3371 campo,
1978 3337 2076 3370 quam
2089 3328 2225 3362 Hellani-

1206 3386 1263 3410 cus
1276 3377 1473 3418 ignoratione
1486 3378 1594 3418 lapsus
1610 3379 1717 3418 Lapen
1732 3379 1836 3408 vocat.
