2320 3684
834 139 1028 178 EPHORI
1057 139 1391 182 FRAGMENTA.

535 227 623 265 154.

114 292 355 344 Stephanus:
374 290 570 340 Μελιταία,
591 288 690 333 πόλις
714 289 924 334 Θετταλίας.
942 289 1096 345 Ἔφορος

63 350 94 391 λ’
106 368 114 376 ·
133 370 149 387 α
161 353 209 391 Οἱ
230 350 266 390 δὲ
283 349 444 405 τύραννοι
460 352 530 388 τῶν
551 351 679 404 Φερῶν
704 348 988 398 καὶΜελιταιεῖς,
1000 349 1095 403 φίλοι

63 409 231 464 πρότερον
254 409 526 464 ὑπάρχοντες....
545 426 561 443 υ

117 469 174 508 Cf.
206 469 370 507 Diodor.
399 471 507 514 XVI,
535 468 604 518 380:
624 466 827 519 Philippus
859 466 1005 514 νικήσας
1035 467 1094 505 τὸν

64 526 285 581 Ὀνόμαρχον
321 528 480 581 ἐπιφανεῖ
507 524 723 579 παρατάξει,
750 525 814 573 τήν
839 541 878 564 τε
903 527 938 564 ἐν
963 527 1098 580 Φεραῖς

63 585 251 641 τυραννίδα
272 587 413 624 καθεῖλε
437 583 498 623 καὶ
518 587 563 637 τῇ
584 583 685 623 πόλει
711 582 775 631 τὴν
793 583 990 638 ἐλευθερίαν
1004 586 1097 622 ἀπο-

64 643 164 696 δοὺς,
184 644 245 683 καὶ
261 643 307 683 τὰ
323 643 416 683 ἄλλα
431 642 476 682 τὰ
495 643 588 682 κατὰ
612 641 898 698 τὴν-Θετταλίαν
918 641 1099 690 καταστή-

64 719 148 753 σας,
165 706 318 757 προῆγεν
344 702 402 742 ἐπὶ
424 702 487 747 τὰς
509 702 634 746 Πύλας
662 701 876 753 πολεμήσων
904 707 977 744 τοῖς
1004 704 1098 741 Φω-

64 766 173 802 κεῦσι.

539 822 553 859 l
563 822 626 859 55.

118 883 325 922 Athenaeus
335 885 404 930 VI,
424 896 463 934 p.
479 885 571 930 232,
589 886 625 921 D
641 883 681 934 (t.
698 885 749 930 ΙΙ,
765 895 803 934 p.
821 883 911 932 392,
925 882 1069 933 Schw.)
1089 897 1097 920 :

65 939 218 995 Ἔφορος
239 940 262 988 ἢ
282 939 484 995 Δημόφιλος
500 943 518 979 ὁ
540 940 612 984 υἱὸς
630 941 734 979 αὐτοῦ
754 942 789 979 ἐν
827 943 872 993 τῇ
907 944 1098 995 τριακοστῇ

65 1002 135 1038 τῶν
149 999 327 1054 Ἱστοριῶν
342 998 423 1053 περὶ
439 1003 501 1038 τοῦ
521 1001 557 1038 ἐν
571 1000 719 1054 Δελφοῖς
745 1001 838 1054 ἱεροῦ
853 998 966 1051 λέγων
981 1000 1098 1054 φησίν·

66 1058 314 1112 «Ὀνόμαρχος
331 1057 368 1097 δὲ
387 1058 446 1097 καὶ
467 1058 633 1102 (1)άῦλλος
650 1058 710 1097 καὶ
725 1058 921 1106 Φάλαικος,
937 1060 977 1097 οὐ
995 1058 1100 1111 μόνον

66 1117 207 1157 ἅπαντα
225 1119 270 1157 τὰ
289 1121 350 1156 τοῦ
370 1120 448 1156 θεοῦ
462 1116 682 1170 ἐξεκόμισαν,
697 1116 788 1157 ἀλλὰ
797 1117 837 1157 τὸ
851 1119 1047 1157 τελευταῖον
1065 1121 1102 1157 αἱ

66 1184 229 1231 γυναῖκες
249 1180 363 1217 αὐτῶν
383 1177 442 1216 τόν
462 1193 502 1217 τε
520 1181 583 1225 τῆς
602 1177 794 1232 Ἐριφύλης
809 1177 942 1230 κόσμον
961 1176 1102 1224 ἔλαὸον,

68 1237 105 1277 ὃν
127 1237 326 1289 Ἀλκμαίων
351 1239 399 1281 εἷς
429 1236 585 1292 Δελφοὺς
614 1237 762 1285 ἀνέθηκε
787 1236 1016 1282 κελεύσαντος
1040 1242 1102 1277 τοῦ

67 1299 164 1346 θεοῦ,
181 1295 310 1335 καὶτὸν
326 1299 389 1343 τ’ῆς
405 1295 551 1344 Ἑλένης
571 1297 679 1349 ὅρμον
700 1296 885 1338 Μενελάου
904 1297 1100 1341 ἀναθέντος.

67 1355 252 1410 Ἕκατέρῳ
270 1354 339 1410 γὰρ
359 1357 377 1393 ὁ
390 1354 464 1399 θεὸς
479 1354 641 1408 ἔχρησεν·
663 1355 875 1406 Ἀλκμαίωνι
895 1354 959 1406 μὲν
975 1359 1105 1394 πυνθα-

68 1413 204 1468 νομένῳ
223 1416 298 1458 πῶς
320 1413 361 1452 ἂν
379 1416 441 1461 τῆς
459 1414 584 1466 μανίας
603 1415 845 1466 ἀπαλλαγείη,

151 1497 272 1538 Τιμῆέν
287 1497 320 1538 μ’
336 1497 431 1534 αἰτεῖς
444 1497 556 1540 δῶρον,
573 1497 684 1538 μανίαν
698 1497 893 1530 ἀποπαῦσαι.

152 1545 215 1576 Καὶ
230 1545 270 1577 σὺ
283 1545 382 1588 φέρειν
396 1548 503 1585 τιμῆεν
518 1545 586 1586 ἐμοὶ
600 1545 702 1588 γέρας,
719 1545 746 1586 ᾧ
759 1557 835 1578 ποτε
849 1546 951 1589 μήτηρ

152 1590 335 1634 Ἀμφιάραον
351 1591 457 1634 ἔκρυψ’
471 1591 532 1623 ὑπὸ
546 1595 603 1632 γῆν
619 1592 740 1624 αὐτοῖσι
755 1592 811 1624 σὺν
825 1593 943 1630 ἵπποις·

70 1647 242 1701 Μενελάῳ
264 1646 320 1696 δὲ,
339 1650 414 1692 πῶς
432 1646 473 1686 ἂν
493 1647 552 1686 τὸν
568 1647 789 1702 Ἀλέξανδρον
806 1651 1069 1702 τιμωρήσαιτο,

153 1715 340 1760 Πάγχρυσον
354 1718 424 1761 φέρε
440 1717 559 1760 κόσμον
577 1718 653 1750 ἑλὼν
668 1718 731 1750 ἀπὸ
747 1722 804 1757 σῆς
818 1718 946 1760 ἀλόχοιο

152 1764 264 1806 δειρῆς,
279 1765 314 1796 ὅν
328 1776 403 1797 ποτε
417 1766 534 1807 Κύπρις
549 1765 642 1806 ἔδωχ’
655 1766 763 1807 Ἑλένῃ
779 1766 859 1807 μέγα
872 1765 978 1808 χάρμα
993 1776 999 1782 ·

152 1811 195 1848 ὥς
208 1823 260 1844 σοι
275 1812 463 1856 Ἀλέξανδρος
474 1812 555 1845 τίσιν
570 1812 714 1855 ἐχθίστην
729 1812 899 1845 ἀποδώσει.

71 1875 210 1925 Συνέὸη
230 1876 267 1916 δὲ
284 1883 360 1922 ταῖς
377 1875 531 1929 γυναιξὶν
561 1876 632 1932 ἔριν
659 1879 823 1930 ἐμπεσεῖν
858 1879 937 1933 περὶ
965 1883 1026 1918 τοῦ
1044 1879 1105 1918 κό-

71 1949 162 1987 σμου
180 1935 304 1975 τούτου
317 1967 328 1986 ,
346 1935 477 1991 ποτέρα
493 1935 639 1991 πότερον
662 1937 827 1991 λήψεται.
853 1938 925 1977 Καὶ
954 1938 1106 1986 διακλη-

73 1994 248 2048 ρουμένων
270 1997 293 2043 ἡ
319 1994 382 2048 μὲν
419 1996 608 2049 σκυθρωπὴ
628 1990 716 2035 οῧσα
744 1996 836 2036 κατὰ
860 1997 918 2036 τὸν
941 1998 1015 2050 βίον
1045 1997 1106 2036 καὶ

73 2056 283 2106 σεμνότητος
306 2054 444 2109 πλήρης
468 2054 527 2095 τὸν
549 2054 742 2110 Ἐριφύλης
766 2055 873 2111 ὅρμον
887 2088 897 2105 ,
924 2060 946 2104 ἡ
975 2057 1010 2096 δὲ
1031 2056 1107 2111 ὥρᾳ

74 2114 284 2170 διαφέρουσα
303 2115 364 2155 καὶ
381 2116 519 2170 μάχλος
536 2111 642 2166 οὖσα,
658 2117 717 2156 τὸν
733 2120 796 2166 τῆς
812 2117 961 2166 Ἑλένης
974 2117 1105 2173 εἴληφε·

73 2173 133 2212 καὶ
161 2173 251 2223 αὕτη
279 2174 343 2227 μὲν
376 2177 563 2230 ἐρασθεῖσα
593 2177 777 2216 νεανίσκου
799 2177 891 2222 τινὸς
923 2177 1104 2231 Ἠπειρώ-

115 2344 275 2386 Melitaea,
300 2345 380 2378 urbs
403 2295 736 2389 Thessalisse5'4·cujus
771 2347 920 2381 meminit
959 2349 1110 2390 Ephorus

75 2391 158 2426 libro
171 2392 336 2433 trigesimo
350 2402 358 2424 z
375 2405 391 2421 «ι
403 2393 545 2434 Tyranni
557 2403 636 2426 vero
651 2395 829 2427 Pherarum
844 2396 878 2427 et
891 2395 1106 2429 Melitaeenses

75 2448 178 2482 quum
192 2439 282 2480 prius
297 2439 473 2473 amicitiam
490 2440 726 2474 coluissent
741 2455 757 2469 υ

117 2545 281 2587 Ephorus,
298 2547 355 2579 aut
370 2547 584 2589 Demophilus
598 2548 721 2590 Ephori
744 2549 842 2590 filius,
863 2550 1030 2591 trigesimo
1048 2549 1108 2582 Hi-

77 2592 251 2625 storiarum
262 2593 358 2634 libro,
372 2594 413 2627 de
427 2595 584 2636 Delphico
599 2595 721 2636 templo
736 2596 884 2637 loquens,
901 2597 967 2629 ait:
988 2610 1004 2625 «
1019 2599 1109 2630 Ono-

77 2639 226 2671 marchus
240 2648 318 2673 vero
335 2642 368 2673 et
389 2641 543 2683 Phayllus
556 2644 589 2675 et
603 2643 772 2675 Phalaecus
803 2652 868 2677 non
886 2644 984 2676 modo
1000 2643 1111 2676 omnia

77 2690 151 2727 quae
179 2686 232 2719 dei
260 2686 400 2728 fuerant,
429 2690 608 2731 rapuerunt
615 2700 625 2730 ;
645 2690 701 2723 sed
729 2690 770 2723 ad
787 2693 972 2724 extremum
989 2699 1108 2724 uxores

77 2740 189 2767 eorum
211 2733 314 2766 etiam
339 2735 511 2777 Eriphyles
549 2737 711 2770 mundum
742 2737 946 2770 abstulerunt
959 2761 968 2774 ,
1011 2747 1109 2780 quem

78 2780 243 2814 Alcmaeon
263 2781 316 2814 dei
331 2782 424 2823 jussu
453 2784 588 2826 Delphis
612 2784 827 2824 dedicaverat,
840 2788 873 2818 et
902 2786 1035 2819 Helenae
1050 2791 1113 2818 tor-

79 2830 176 2868 quem
202 2837 222 2860 a
247 2828 393 2862 Menelao
418 2834 655 2864 consecratum.
672 2833 754 2866 Nam
771 2833 902 2874 utrique
913 2833 947 2865 in
959 2834 1107 2866 eamdem

80 2874 273 2908 sententiam
294 2884 487 2919 responsum
502 2878 634 2911 dederat
651 2879 745 2919 deus3
768 2879 943 2912 Alcmaeoni
960 2881 1110 2921 quidem,

80 2922 260 2955 consulenti
284 2932 348 2964 qua
375 2925 501 2958 ratione
524 2926 887 2971 insania-liberaretur:

121 2998 292 3029 Pretiosum
306 3011 323 3030 a
337 3011 386 3031 me
401 3001 518 3031 donum
532 3002 683 3043 postulas,
698 3002 824 3032 insaniae
839 3003 1027 3033 remedium.

122 3045 294 3077 Pretiosum
309 3055 343 3078 tu
357 3059 483 3089 quoque
496 3060 610 3079 munus
623 3050 697 3079 mihi
711 3049 834 3080 adferto
851 3062 858 3078 ε
874 3051 965 3091 illud,
982 3061 1046 3091 quo

121 3098 219 3123 muter
243 3095 319 3125 olim
339 3097 559 3136 Amphiaraum
587 3107 658 3127 cum
687 3097 775 3137 equis
791 3098 850 3127 sub
867 3104 981 3128 terram
999 3099 1111 3128 occul-

1022 3148 1109 3176 tavit.

82 3184 226 3220 Menelao
255 3197 354 3230 vero,
373 3191 532 3232 quoerenti
559 3200 627 3233 quo
659 3194 754 3234 pacto
770 3192 921 3233 injuriam
938 3191 1109 3224 ulciscere-

82 3232 135 3264 tut
166 3233 207 3266 ab
235 3236 419 3270 Alexandro
446 3241 628 3280 acceptam,
646 3239 880 3281 responderat:

125 3306 261 3339 Aureum
275 3310 365 3341 adfer
379 3314 544 3354 mundum,
560 3317 665 3345 uxoris
680 3322 739 3345 ωε
753 3315 868 3345 cervici

125 3352 309 3398 detractum,
320 3368 411 3399 quem
419 3361 527 3400 Cypris
535 3363 608 3391 olim
617 3363 738 3392 I-Ielenae
746 3361 832 3392 dedit
841 3362 1052 3402 gratissimum
1063 3372 1069 3392 :

2107 148 2183 182 2⁷5

1153 244 1214 267 του
1236 229 1527 281 συνεξεδήμησεν,
1550 232 1572 276 ἡ
1600 228 1638 268 δὲ
1661 231 1712 282 τῷ
1735 230 1832 283 ἀνδρὶ
1855 229 2001 268 θάνατον
2025 229 2186 269 ἐδούλευ-

1157 303 1226 326 σεν.
1243 307 1258 323 υ

1207 348 1351 385 Eadem
1374 350 1452 387 fere
1480 350 1662 400 leguntur
1679 349 1783 401 apud
1800 349 1961 387 Diodor.
1982 352 2095 398 XVI,
2119 350 2185 394 64.

1154 406 1209 443 Cf.
1224 408 1404 445 Parthen.
1422 411 1545 455 XXV,
1562 422 1598 459 p.
1620 409 1680 458 59.

1207 525 1435 564 Plutarchus
1448 528 1587 565 Timol.
1617 541 1655 578 p.
1689 542 1778 576 277,
1797 541 1881 579 cap.
1914 534 1960 572 [ιε
1987 528 2190 566 Timoleon

1156 583 1311 621 fratrem
1323 614 1334 632 ,
1352 586 1486 635 patriae
1502 587 1742 636 tyrannidem
1759 587 2000 626 affectantem
2012 616 2023 636 ,
2038 601 2187 638 percus·

1156 656 1286 690 surus,
1305 644 1353 681 ad
1372 657 1458 681 eum
1478 645 1667 695 perrexit,
1682 644 1897 699 παραλαὸὼν
1914 648 1982 684 τῶν
2002 645 2112 699 φίλων
2131 645 2190 684 τὸν

1158 701 1297 753 μάντιν,
1315 700 1351 740 ὃν
1367 702 1527 755 Σάτυρον
1549 702 1612 753 μὲν
1627 702 1861 755 Θεόπομπος,
1884 704 2039 759 Ἔφορος
2064 705 2101 743 δὲ
2131 704 2190 743 καὶ

1157 760 1310 812 Τίμαιος
1329 759 1547 813 Ὀρθαγόραν
1568 762 1809 813 ὀνομάζουσιν.

1211 821 1384 859 Clemens
1400 821 1509 858 Alex.
1525 822 1665 859 Strorn.
1686 824 1726 868 Ι,
1738 836 1775 873 p.
1794 833 1868 867 400
1882 827 1982 862 Pott.
1998 839 2006 861 ε
2026 821 2194 874 Θεόπομ-

1158 895 1222 923 πος
1241 879 1285 932 (ἓ)
1322 878 1382 918 καὶ
1409 877 1564 933 Ἔφορος
1598 879 1658 918 καὶ
1692 881 1842 932 Τίμαιος
1869 881 2088 936 Ὀρθαγόραν
2115 881 2195 920 τινὰ

1161 939 1286 990 μάντιν
1306 938 1580 993 ἀναγράφουσιν.
1602 941 1658 978 Cf.
1677 941 1836 979 Diodor.
1856 945 1963 990 XVI,
1979 944 2041 980 65.

1638 1000 1724 1037 157.

1213 1060 1410 1098 Diodorus
1422 1061 1531 1107 XVI,
1549 1060 1597 1106 76
1613 1075 1620 1096 ε
1643 1060 1726 1097 Τῶν
1745 1058 1781 1097 δὲ
1796 1059 2025 1114 συγγραφέων
2045 1058 2197 1115 Ἔφορος

1162 1120 1224 1173 μὲν
1244 1123 1263 1159 ὁ
1282 1121 1441 1170 Κυμαῖος
1448 1118 1510 1165 τὴν
1522 1117 1677 1171 ἱστορίαν
1692 1118 1812 1157 ἐνθάδε
1826 1120 2066 1168 [Nicomachi
2081 1134 2196 1170 anno,

1162 1181 1222 1218 Ol.
1244 1193 1329 1229 109,
1343 1185 1383 1226 43
1406 1181 1476 1223 341
1495 1191 1530 1219 a.
1543 1178 1652 1228 Chn]
1672 1175 1907 1230 κατέστροφεν
1924 1184 1972 1222 εἰς
1995 1177 2058 1225 τὴν
2071 1179 2198 1233 Περίν-

1161 1241 1222 1276 θου
1238 1236 1455 1291 πολιορκίαν.

1215 1298 1342 1349 Ipsius
1373 1297 1677 1348 oppugnationis
1707 1296 1798 1334 satis
1828 1296 1956 1346 ampla
1991 1296 2199 1348 descriptio

1162 1365 1287 1395 exstat
1321 1356 1426 1407 apud
1456 1356 1674 1395 Diodorum
1703 1356 1726 1396 l.
1762 1355 1785 1393 l.
1822 1359 1947 1402 Quam
1984 1363 2115 1393 utrum
2153 1370 2200 1393 ex

1163 1417 1322 1468 Ephoro
1349 1430 1396 1454 an
1418 1429 1467 1453 ex
1495 1415 1624 1465 Diyllo
1663 1415 1859 1466 petiverit,
1899 1428 1978 1452 non
2007 1414 2199 1465 dijudica—

1163 1477 1300 1514 verim.
1314 1480 1397 1514 Hoc
1416 1484 1544 1514 tamen
1563 1475 1828 1523 verisimilius,
1850 1489 1970 1525 quum
1989 1475 2201 1514 Philocho—

1165 1549 1230 1574 rus
1252 1550 1315 1587 ap.
1335 1536 1495 1586 Dionys.
1516 1547 1556 1586 p.
1588 1541 1660 1582 741
1684 1534 1813 1572 dicat:
1839 1535 2114 1586 Theophrasto
2133 1548 2200 1572 ar—

1164 1597 1307 1634 chonte
1335 1596 1409 1648 [Ol.
1437 1610 1524 1646 110,
1551 1610 1583 1643 1,
1604 1609 1639 1633 a.
1659 1595 1751 1634 Chr.
1772 1596 1866 1646 340]
1886 1595 2068 1639 Φίλιππος
2077 1595 2118 1634 τὸ
2137 1594 2201 1646 μὲν

1163 1657 1302 1709 πρῶτον
1345 1653 1568 1698 ἀναπλεύσας
1598 1653 1758 1707 Περίνθῳ
1787 1653 2019 1708 προσέὸαλεν.
2066 1658 2203 1705 Itaque

1164 1729 1287 1766 usque
1309 1715 1358 1753 ad
1378 1716 1531 1753 initium
1551 1715 1765 1753 obsidionis
1783 1715 1986 1752 historiam
2023 1715 2203 1766 Ephorus

1166 1776 1391 1827 perduxisse
1407 1775 1576 1813 videtur.
1605 1778 1649 1813 V.
1673 1775 1840 1813 Clinton.
1865 1777 1907 1813 F.
1927 1778 1976 1813 H.
1999 1789 2037 1826 p.
2063 1775 2132 1822 157
2155 1776 2203 1813 ad

1165 1849 1304 1874 annum
1331 1836 1418 1880 340.

1632 1910 1754 1921 ⁴0——

1536 1941 1712 1980 ΕΥΡΗΜ
1719 1942 1830 1979 ΑΤΑ.

1643 2000 1728 2037 158.

1219 2061 1425 2099 Athenaeus
1446 2064 1550 2106 VIII,
1567 2074 1605 2111 p.
1627 2060 1716 2106 352,
1741 2063 1791 2104 C,
1809 2068 2017 2110 postquam
2049 2062 2216 2099 Strato--v

1167 2121 1242 2158 nici
1279 2119 1404 2171 lepide
1433 2119 1536 2157 dicta
1567 2119 1689 2157 multa
1719 2120 1867 2157 attulit:
1885 2118 2056 2165 Ζηλωτὴς
2078 2118 2114 2156 δὲ
2134 2120 2203 2156 τῶν

1170 2177 1393 2233 εὐτραπέλων
1428 2177 1543 2229 λόγων
1577 2176 1708 2216 τούτων
1745 2176 1881 2228 ἐγένετο
1917 2180 1935 2216 ὁ
1973 2176 2202 2230 Στρατόνικος

1208 2290 1253 2319 sic
1270 2290 1326 2319 tibi
1341 2289 1517 2319 Alexander
1530 2299 1638 2329 poenas
1657 2288 1743 2318 dabit
1759 2288 1967 2328 gravissimas.

1165 2349 1292 2382 Accidit
1318 2350 1428 2381 autem
1458 2349 1497 2381 ut
1520 2348 1561 2380 de
1587 2348 1642 2380 illo
1658 2347 1782 2380 mundo
1796 2347 1835 2379 lis
1849 2347 1986 2379 oriretur
1999 2346 2082 2378 inter
2095 2346 2204 2378 mulie

1166 2405 1229 2436 res,
1259 2398 1333 2428 utra
1359 2395 1488 2427 illarum
1521 2396 1636 2428 utrum
1659 2395 1900 2427 nancisceretur
1918 2403 1926 2425 ε
1943 2396 1987 2432 et,
2000 2395 2087 2434 jacta
2104 2395 2201 2432 sorte,

1166 2443 1335 2485 Eriphyles
1362 2443 1480 2475 monile
1505 2445 1602 2475 nacta
1629 2451 1668 2475 ea
1691 2445 1761 2482 est,
1779 2450 1855 2483 quae
1878 2444 2007 2473 austera
2027 2441 2060 2472 et
2076 2448 2203 2471 morosa

1165 2489 1269 2521 suerat
1292 2490 1327 2521 in
1353 2489 1430 2530 vita,
1447 2493 1481 2521 et
1498 2489 1668 2531 gravitatis
1682 2489 1794 2530 plena3
1809 2489 1940 2521 Helenae
1971 2490 2078 2519 autem
2109 2495 2202 2518 mun-

1165 2536 1245 2568 dum
1270 2536 1344 2576 illa,
1374 2545 1449 2578 quae
1478 2537 1582 2569 forma
1601 2536 1797 2578 praestabat,
1823 2537 1856 2568 et
1871 2537 1940 2567 erat
1956 2534 2137 2567 libidinosa.
2159 2535 2202 2565 Et

1167 2584 1236 2616 haec
1277 2584 1410 2626 quidem
1425 2608 1434 2624 ,
1473 2593 1583 2616 amore
1622 2583 1835 2616 adolescentis
1862 2582 2033 2623 cujusdam
2054 2580 2197 2621 Epirotae

1165 2633 1271 2673 capta,
1302 2633 1414 2664 secuta.
1440 2634 1491 2664 est
1520 2631 1694 2664 abeuntem
1711 2641 1719 2662 ε
1737 2630 1791 2662 illa
1818 2639 1895 2662 vero
1911 2629 2064 2661 maritum
2078 2637 2135 2669 per
2151 2627 2196 2659 in-

1167 2678 1266 2711 sidias
1285 2679 1542 2712 interficiendum
1559 2678 1697 2711 curavit.
1724 2691 1740 2706 »

1639 2739 1727 2772 156.

1209 2803 1347 2835 Asciscit
1367 2803 1540 2836 Timoleon
1569 2812 1610 2835 ex
1641 2800 1754 2834 amicis
1771 2801 1891 2839 vatem,
1920 2807 2018 2839 quem
2051 2799 2200 2840 Satyrum

1167 2851 1409 2892 Theopompus,
1430 2851 1578 2891 Ephorus
1593 2850 1627 2882 et
1642 2849 1785 2881 Timoeus
1797 2847 2010 2887 orthagoram
2035 2847 2165 2878 vocant.

1209 2899 1438 2940 Theopompus
1451 2897 1490 2939 [Ρ]
1506 2899 1616 2929 autem
1628 2897 1661 2928 et
1670 2895 1819 2936 Ephorus
1835 2895 1868 2926 et
1881 2893 2024 2926 Timaeus
2045 2893 2201 2934 Orthago-

1169 2955 1236 2978 ram
1253 2946 1413 2986 quendam
1430 2948 1537 2976 vatem
1553 2943 1655 2975 fuisse
1667 2940 1822 2973 scribunt.

1646 3002 1659 3033 1
1669 3000 1730 3032 57.

1210 3058 1270 3089 Hic
1287 3056 1447 3097 Ephorus,
1461 3054 1658 3095 scriptorum
1675 3060 1772 3091 unuS,
1790 3051 1936 3084 historiae
1949 3059 2018 3084 suae
2029 3059 2114 3092 opus
2123 3059 2200 3083 cum

1167 3104 1336 3137 obsidione
1350 3101 1499 3135 Perinthi
1515 3100 1694 3133 concludit.

1419 3230 1558 3270 LIBRI
1588 3230 1657 3269 DE
1685 3229 1943 3270 INVENTIS.

1210 3362 1326 3392 Fuerat
1340 3362 1450 3390 autem
1473 3306 1731 3391 stratoniciis5i3n
1748 3357 1801 3389 his
1819 3357 1921 3390 facete
1940 3357 2036 3390 dictis
2054 3356 2199 3388 imitator

2004 3418 2050 3448 18.
