2320 3684
899 133 1063 192 'imm
1092 155 1423 198 FRAGMENTA.

166 295 306 335 Strabo
335 297 408 342 vl,
426 310 464 348 p.
495 308 595 343 ²70²
625 295 670 334 ‘H
702 295 732 333 δ’
765 294 935 348 Ὀρτυγία
972 298 1138 336 συνάπτει

112 353 244 408 γεφύρᾳ
276 353 361 407 πρὸς
392 354 455 401 τὴν
474 353 617 407 ἤπειρον
640 354 779 405 (suppl.
808 353 1000 407 πρόσγειος)
1027 350 1136 394 οῧσα·

112 412 244 466 κρήνην
261 413 291 451 δ’
313 413 386 464 ἔχει
403 411 466 460 τὴν
489 411 706 466 Ἀρέθουσαν,
727 411 874 457 ἐξιεῖσαν
899 413 1057 465 ποταμὸν
1078 416 1138 452 εὖ-

112 470 169 515 θὺς
184 473 231 515 εἷς
248 470 312 518 τὴν
326 471 512 510 θάλατταν·
533 469 763 522 μυθεύουσιδὲ
778 471 836 509 τὸν
856 471 1010 525 Ἀλφειὸν
1049 465 1138 510 εἶναι

112 532 246 577 τοῦτον,
264 528 457 581 ἀρχόμενον
478 528 541 581 μὲν
562 529 631 567 ἀπὸ
643 532 706 576 τῆς
726 529 1012 578 Πελοποννήσου,
1034 530 1138 569 διὰδὲ

111 591 172 626 τοῦ
187 587 360 639 πελάγους
382 588 450 627 ὑπὸ
475 591 538 639 γῆς
560 587 601 626 τὸ
628 590 757 642 ῥεῖθρον
787 587 912 640 ἔχοντα
930 588 1036 643 μέχρι
1055 589 1139 643 πρὸς

110 644 174 692 τὴν
189 644 415 699 Ἀρέθουσαν,
443 640 505 685 εἶτ’
525 645 703 685 ἐκδιδόντα
727 646 832 685 πάλιν
859 648 906 690 εἷς
930 646 993 694 τὴν
1014 647 1140 686 θάλατ-

108 719 186 743 ταν.
207 706 489 758 Τεκμηριοῦνται
506 704 542 743 δὲ
558 704 725 748 τοιούτοις
739 705 829 744 τισί·
850 705 909 744 καὶ
924 705 991 760 γὰρ
1009 706 1137 760 φιάλην

107 761 187 801 τινὰ
199 764 413 802 ἐκπεσοῦσαν
430 765 477 807 εἷς
491 763 550 802 τὸν
563 763 721 815 ποταμὸν
739 764 935 816 [ἐνόμισαν]
949 766 983 804 ἐν
1003 765 1140 817 Ὀλυμ-

109 820 195 875 arta,
212 821 312 876 δεῦρο
328 823 556 875 ἀνενεχθῆναι
575 824 622 866 εἷς
636 821 700 869 τὴν
719 821 863 876 κρήνην,
878 822 936 861 καὶ
955 825 1139 862 θολοῦσθαι

111 879 180 918 ἀπὸ
192 882 261 919 τῶν
279 881 314 918 ἐν
335 880 520 935 Ὀλυμπίᾳ
539 883 728 934 βουθυσιῶν
740 897 748 905 ·
767 880 788 919 δ’
800 896 839 919 τε
856 881 1031 935 Πίνδαρος
1053 883 1140 920 ἐπα-

109 939 282 976 κολουθῶν
301 938 432 982 τούτοις
448 938 582 992 εἴρηκε·
613 939 733 992 (Nem.
754 943 786 988 Ι,
814 954 826 977 1
849 940 873 992 2)

210 997 390 1039 Ἅμπνευμα
399 998 511 1039 σεμνὸν
521 998 658 1039 Ἀλφεοῦ,

209 1044 330 1075 κλεινᾶν
352 1045 554 1087 Συρακοσσᾶν
568 1043 656 1082 θάλος
669 1044 827 1087 Ὀρτυγία.

110 1091 416 1145 Συναποφαίνεται
439 1091 476 1131 δὲ
494 1094 544 1145 τῷ
562 1091 730 1146 Πινδάρω
757 1096 868 1130 ταῦτα
885 1092 945 1131 καὶ
961 1092 1140 1144 Τίμαιοςὸ

111 1149 335 1204 συγγραφεύς.
595 1156 603 1166 ”

591 1210 653 1247 53.

164 1273 292 1310 801101.
309 1273 484 1323 Apollon.
500 1274 627 1311 Rhod.
648 1277 716 1320 IV,
737 1275 853 1312 1216:
869 1273 1022 1325 Τίμαιός
1038 1290 1137 1328 φησι,

112 1329 202 1381 μετὰ
220 1329 281 1378 ἔτη
309 1329 472 1375 ἑξακόσια
490 1334 560 1370 τῶν
590 1333 762 1386 Τρωικῶν
791 1332 1048 1386 Χερσικροίτην,
1078 1332 1138 1372 ἕνα

110 1391 179 1428 τῶν
215 1390 440 1442 Βακχιαδῶν,
465 1389 534 1428 εἴτε
562 1389 754 1429 ἐκπεσόντα
776 1393 839 1437 τῆς
862 1391 1052 1444 Κορίνθου,
1070 1391 1139 1430 εἴτε

110 1448 170 1486 καὶ
189 1447 312 1486 ἑκόντα
336 1447 555 1498 ἀπελθόντα,
575 1448 632 1487 διὰ
659 1448 698 1488 τὸ
721 1452 937 1500 ἠτιμῆσθαι,
961 1449 1138 1503 ᾠκηκέναι

109 1505 173 1554 τὴν
192 1509 298 1554 ν’ῆσον
321 1506 521 1561 (Κερκύραν
539 1507 681 1559 50),οῗ
696 1523 736 1560 γε
752 1507 822 1560 μὴν
844 1507 978 1562 Κόλχοι
1002 1509 1137 1556 ἐκὸλη-

109 1564 223 1608 θέντες
255 1566 303 1608 εἷς
333 1563 396 1612 τὴν
427 1565 613 1619 ἀντιπέραν
649 1569 753 1614 νῆσον
774 1566 958 1621 ἀφίκοντο,
976 1567 1035 1606 καὶ
1050 1568 1139 1620 μετὰ

109 1626 221 1662 ταῦτα
234 1625 280 1667 εἷς
295 1622 341 1662 τὰ
355 1622 532 1678 Κεραύνια
550 1624 633 1678 ὅρη,
653 1624 700 1668 εἴς
717 1642 755 1664 τε
778 1625 859 1670 τοὺς
881 1625 1055 1671 Ἀὅαντας
1076 1627 1136 1666 καὶ

108 1681 301 1726 Νεσταίους
315 1682 373 1721 καὶ
387 1682 531 1736 Ὠρικὸν
548 1683 761 1736 ᾠκίσθησαν.

161 1742 282 1793 Igitur
298 1756 346 1780 ex
365 1743 498 1781 Timaei
522 1751 739 1794 temporum
770 1746 1061 1796 computatione
1087 1747 1136 1798 (v.

110 1801 155 1838 fr.
175 1814 237 1851 ap.
253 1801 505 1839 Censorinum
522 1805 580 1839 De
601 1802 638 1839 d.
652 1810 730 1840 nat.
748 1817 778 1842 0.
797 1803 861 1855 21)
880 1804 918 1841 111
931 1808 1136 1854 Corcyram

109 1859 259 1896 colonia
296 1859 459 1898 deducta
482 1860 580 1897 foret
611 1861 670 1899 01.
695 1862 758 1906 46.
784 1863 896 1912 Quod
923 1871 1054 1914 aperte
1081 1873 1138 1901 est

108 1917 244 1955 falsum
263 1916 313 1969 (v.
335 1920 379 1956 G.
403 1919 551 1956 Mfiller.
565 1919 612 1956 de
631 1922 799 1970 Corcyra
820 1934 858 1971 p.
886 1921 964 1972 12),
991 1935 1061 1959 1100
1077 1923 1137 1960 sa-

108 1976 179 2014 cile
196 1977 323 2027 potuit
345 1977 511 2015 Timaeus
530 1978 568 2015 in
588 1986 736 2016 tantum
755 1993 926 2017 errorem
952 1981 1133 2019 incidere.

107 2037 236 2082 Quare
269 2044 334 2073 aut
354 2049 464 2074 suum
503 2045 720 2088 temporum
753 2051 938 2076 canonem
972 2040 1136 2078 Timaeus

106 2091 252 2142 habuit,
271 2103 336 2132 aut
360 2094 603 2134 librariorum
638 2097 750 2148 culpa
772 2111 956 2135 numerus
991 2098 1134 2149 depra—

107 2160 215 2191 vatus
237 2161 304 2191 est.
331 2152 474 2192 Eadem
503 2155 550 2192 de
575 2155 814 2193 Chersicrate
851 2156 1010 2194 historia
1038 2157 1135 2208 legi—

107 2219 171 2248 tur
206 2212 246 2248 in
284 2212 403 2249 schol.
437 2212 485 2250 ad
516 2226 551 2250 ν.
579 2227 674 2251 1212
689 2244 698 2262 ,
737 2228 783 2252 ex
824 2215 961 2253 eodem
998 2216 1132 2266 procul

105 2269 224 2308 dubio
256 2271 396 2308 Timaeo
437 2271 565 2321 petita.
599 2272 851 2323 Conjunctam
887 2273 1001 2311 fuisse
1037 2274 1134 2311 hanc

102 2330 364 2367 'narrationem
402 2343 489 2367 cum
516 2334 790 2381 Syracusarum
822 2333 1048 2370 fundatione
1090 2347 1133 2371 ac

145 2494 277 2536 ortygia
297 2503 372 2527 cum
393 2497 569 2529 continenti
591 2498 700 2530 vicina
720 2501 818 2540 ponte
838 2501 1054 2541 conjungitur.
1078 2502 1126 2532 Ea

104 2541 209 2574 insula
230 2541 350 2574 sontem
373 2542 470 2575 habet
484 2545 695 2584 Arethusam,
716 2555 789 2586 quae
803 2546 940 2579 fluvium
966 2547 1075 2579 statim
1091 2548 1124 2579 in

104 2597 192 2622 mare
218 2589 348 2621 emittit.
370 2591 466 2622 Hunc
486 2590 623 2624 fluvium
645 2592 804 2634 Alpheum
826 2603 897 2627 esse
923 2595 1124 2635 fabulantur,

104 2638 158 2677 qui
174 2638 264 2668 ortus
280 2636 313 2668 in
329 2637 561 2678 Peloponneso,
578 2647 634 2679 per
646 2648 735 2671 mare
751 2640 813 2672 sub
826 2644 944 2673 terram
967 2651 1070 2682 usque
1085 2642 1125 2673 ad

103 2683 293 2715 Arethusam
302 2683 391 2723 ssuat,
403 2686 436 2715 et
445 2684 517 2716 inde
529 2688 659 2718 rursum
674 2686 706 2718 in
717 2696 804 2719 mare
814 2691 916 2720 exeat.
928 2691 1125 2729 Argumenta

103 2729 221 2770 quihus
236 2728 377 2761 fabulam
398 2730 554 2771 probent,
569 2732 639 2764 haec
661 2732 701 2764 ab
717 2733 756 2764 iis
771 2733 960 2766 afferuntur.
976 2737 1122 2767 Pateram

103 2776 265 2817 quandam
275 2776 362 2817 apud
375 2777 558 2819 Olympiam
571 2779 605 2810 in
617 2780 775 2821 Alpheum
789 2781 982 2822 prolapsam,
998 2782 1040 2813 ad
1053 2785 1125 2814 Are·

96 2823 228 2857 thusam
243 2823 365 2855 sontem
382 2823 483 2856 tuisse
504 2825 663 2866 delatam3
685 2829 754 2859 tuin
765 2851 774 2867 ,
799 2827 921 2860 fontem
937 2837 1012 2860 eum
1027 2829 1124 2860 turbi-

102 2868 180 2901 dum
196 2869 280 2909 fieri,
297 2871 425 2911 quando
441 2871 600 2913 Olympiae
612 2873 713 2906 boves
732 2874 985 2907 immolarentur.
1012 2877 1118 2916 Atque

103 2917 170 2950 hoeo
181 2921 311 2951 secutus
326 2920 483 2952 Pindarus
498 2921 543 2953 ita
556 2923 673 2954 cecinit
689 2932 698 2954 τ

285 2967 397 3006 Alphei
413 2968 533 3007 requies
555 2970 729 2999 veneranda

102 3012 106 3033 l
284 3014 437 3044 clarat-um
453 3017 674 3054 Syracusarum
690 3027 817 3057 germen
834 3018 974 3057 Ortygia.

101 3058 187 3096 Quin
195 3061 227 3091 et
236 3059 442 3093 historiarum
452 3062 588 3103 scriptor
597 3064 740 3096 Timaeus
747 3063 885 3096 Pindaro
891 3064 1118 3104 adstipulatur.

141 3164 281 3198 Timaeus
293 3166 348 3206 ait,
361 3168 453 3199 annis
465 3169 625 3201 sexcentis
640 3171 713 3211 post
726 3170 845 3202 bellum
858 3170 1010 3202 Troicum
1024 3170 1120 3201 Cher-

101 3210 246 3243 sicratem
267 3214 479 3246 Bacchiadam
495 3215 564 3248 sive
590 3216 622 3247 in
644 3217 778 3248 exilium
800 3217 957 3249 Corintho
978 3217 1117 3256 ejectum

100 3257 168 3289 sive
177 3261 290 3299 sponte
301 3260 375 3292 inde
386 3261 575 3302 profectum,
590 3263 677 3304 quod
685 3264 860 3304 ignominia
874 3263 1006 3295 affectus
1023 3266 1118 3301 esset,

100 3303 270 3337 iimoluisse
285 3308 460 3348 corcyram
481 3309 631 3342 insulam.
650 3310 760 3342 Colchi
778 3319 855 3342 vero
873 3309 1000 3350 expulsi
1020 3309 1053 3339 in
1073 3309 1118 3339 111-

101 3350 203 3383 sulam
217 3361 235 3384 e
251 3353 376 3394 regione
394 3355 488 3387 sitam
501 3356 660 3397 abierunt,
677 3358 773 3398 atque
789 3358 900 3398 postea
927 3356 965 3387 ad
985 3358 1112 3387 montes

2149 176 2224 209 203

1197 245 1235 281 in
1274 245 1408 285 eodem
1446 247 1547 286 libro
1581 256 1783 301 utramque
1823 251 2033 291 exhibitam
2066 263 2226 305 propter

1198 305 1381 354 temporis
1409 306 1600 356 rationes,
1622 307 1813 358 siquidem
1858 322 1968 347 veras
2007 319 2136 348 noster
2164 326 2226 350 se-

1197 370 1306 399 cutus
1349 364 1419 410 sit,
1460 365 1661 415 probabile
1693 375 1764 407 est.
1797 367 1975 406 Dubitari
2008 381 2103 407 vero
2150 383 2225 421 po·
2248 397 2262 409 .

1198 427 1270 456 test
1304 430 1508 472 propterea
1543 425 1646 474 quod
1688 425 1815 463 Schol.
1860 426 1909 463 ad
1946 427 2225 467 Chersicratem

1197 478 1449 517 Bacchiadam
1471 482 1614 530 refert,
1634 497 1716 534 quae
1732 484 1848 535 vulgo
1884 484 1932 522 de
1967 485 2107 524 Archia
2129 500 2221 525 nar-

1199 544 1344 574 rantur.
1371 541 1458 576 Haec
1490 553 1618 578 rerum
1649 543 1861 580 similitudo
1881 543 1943 582 vel
1962 545 2139 582 confusio
2157 559 2225 583 ex-

1197 594 1333 644 plicari
1356 605 1504 646 potest,
1539 600 1570 636 si
1594 603 1766 651 Corcyrae
1787 602 1987 640 historiam
2006 603 2167 642 Timaeus
2186 605 2225 642 in

1197 651 1268 689 alia
1283 654 1410 703 operis
1422 664 1544 705 parte,
1563 657 1691 695 oblata
1715 660 1927 709 occasione,
1942 674 2113 699 seorsum
2132 675 2224 713 per-

1199 713 1427 750 tractaverit.
1452 718 1496 752 V.
1526 717 1714 755 Welcker.
1735 721 1835 756 Mus.
1857 720 1980 757 Rhen.
2011 722 2048 767 1,
2079 733 2117 772 p.
2149 722 2219 759 261

1198 783 1253 820 sq.

1676 835 1738 872 54.

1251 887 1357 926 Idem
1371 891 1438 934 IV,
1459 891 1557 939 983:
1576 890 1621 929 Ἡ
1641 890 1805 946 Κέρκυρα
1823 893 1988 947 πρότερον
1999 894 2061 946 μὲν
2081 896 2225 949 Δρεπά-

1197 962 1240 994 νη
1264 947 1444 996 ἐκαλεῖτο,
1462 942 1537 987 εἶτα
1559 950 1705 1003 Σχερία·
1727 951 1933 991 Ἀποδίδωσι
1955 952 1992 992 δὲ
2017 953 2080 1001 τὴν
2108 955 2223 994 αἰτίαν

1199 1005 1438 1059 Ἀριστοτέλης
1459 1010 1493 1046 ἐν
1515 1012 1559 1061 τῇ
1587 1011 1814 1064 Κερκυραίων
1838 1012 2008 1066 πολιτείᾳ.
2033 1014 2133 1061 Φησὶ
2158 1014 2226 1069 γὰρ

1197 1063 1261 1112 τὴν
1286 1065 1462 1120 Δήμητρα
1486 1067 1722 1120 φοὸουμένην,
1745 1068 1793 1121 μὴ
1809 1072 1839 1108 οἳ
1860 1074 1899 1109 ἐκ
1922 1075 1984 1118 τῆς
2002 1073 2146 1126 ἠπείρου
2164 1075 2226 1128 ἐρ-

1197 1124 1342 1177 χόμενοι
1360 1127 1514 1178 ποταμοὶ
1541 1128 1685 1183 ἤπειρον
1711 1129 1817 1177 αὐτὴν
1844 1131 2041 1181 ποιήσωσι,
2062 1134 2226 1180 δεηθῆναι

1199 1185 1436 1235 Ποσειδῶνος,
1454 1186 1674 1242 ἀποστρέψαι
1697 1187 1742 1226 τὰ
1767 1191 1836 1226 τῶν
1862 1193 2031 1241 ποταμῶν
2058 1190 2222 1244 ῥεύματα.

1199 1244 1479 1297 Ἐπισχεθέντων
1509 1242 1568 1286 οῧν
1595 1247 1742 1298 τούτων,
1764 1249 1840 1287 ἀντὶ
1869 1250 2053 1303 Δρεπάνης
2073 1251 2224 1305 Σχερίαν

1197 1305 1446 1355 ὀνομασθῆναι.
1471 1306 1636 1361 Δρεπάνη
1655 1306 1691 1345 δὲ
1705 1309 1862 1346 ἐκαλεῖτο
1883 1308 1998 1359 διὰτὸ
2016 1308 2079 1356 τὴν
2099 1310 2224 1361 Δήμη-

1197 1379 1285 1418 τρα,
1306 1365 1548 1417 αἰτησαμένην
1587 1366 1757 1420 δρέπανον
1787 1368 1870 1422 παρ’
1903 1368 2118 1423 Ἡφαίστου,
2149 1370 2228 1414 τοὺς

1198 1425 1352 1468 Τιτᾶνας
1368 1425 1501 1471 διδάξαι
1518 1427 1659 1481 θερίζειν
1673 1444 1681 1452 ·
1702 1421 1777 1466 εἶτα
1791 1429 1876 1467 αὐτὸ
1892 1428 2022 1483 κρύψαι
2040 1431 2086 1473 εἰς
2098 1429 2138 1468 τὸ
2153 1446 2226 1468 πα-

1198 1485 1431 1537 ραθαλοίσσιον
1453 1486 1556 1541 μέρος
1572 1491 1636 1535 τῆς
1658 1487 1783 1535 νήσου·
1801 1488 2086 1543 προσκλυζούσης
2112 1488 2147 1527 δὲ
2166 1492 2228 1537 τῆς

1198 1543 1392 1594 θαλάσσης,
1410 1546 1659 1598 ἐξομοιωθῆναι
1681 1546 1745 1595 τὴν
1765 1547 1858 1586 θέσιν
1887 1551 1950 1595 τῆς
1981 1551 2038 1600 γῆς
2061 1548 2225 1602 δρεπάνῃ.

1199 1602 1349 1654 Τίμαιος
1369 1603 1405 1643 δὲ
1419 1606 1459 1643 ἐκ
1473 1610 1534 1644 τοῦ
1554 1604 1743 1660 δρεπάνου,
1763 1600 1792 1660 ᾧ
1812 1606 1969 1659 ἐξέτεμεν
1986 1611 2047 1645 τοῦ
2065 1608 2226 1660 Οὐρανοῦ

1196 1661 1240 1699 τὰ
1263 1663 1377 1701 αἰδοῖα
1397 1667 1415 1702 ὁ
1434 1663 1584 1718 Κρόνος,
1604 1664 1626 1712 ἢ
1646 1668 1665 1704 ὁ
1685 1664 1772 1709 Ζεὺς
1789 1665 1835 1704 τὰ
1859 1671 1921 1705 τοῦ
1942 1664 2090 1720 Κρόνου.
2110 1669 2225 1705 Τοῦτο

1196 1719 1263 1774 γὰρ
1286 1723 1391 1761 αὐτοῦ
1408 1723 1598 1778 κεκρύφθαι
1610 1724 1707 1778 φησί.
1724 1725 1810 1763 Alia
1827 1726 1875 1764 de
1886 1729 2054 1776 Corcyra
2072 1739 2109 1762 v.
2125 1726 2171 1763 fr.
2188 1740 2223 1773 7.

1677 1927 1739 1956 OD.

1249 1976 1381 2027 Polyb.
1400 1979 1500 2023 XII,
1520 1977 1583 2025 28,
1608 1980 1789 2028 Excerpt.
1814 1978 1947 2028 Antiq.
1971 1985 2007 2015 et
2027 1981 2112 2015 Vat.
2132 1979 2222 2015 ‚Ti-

1197 2050 1309 2074 maeus
1334 2037 1380 2073 de
1397 2037 1667 2087 comparandis
1681 2037 1754 2074 sibi
1773 2037 1956 2087 praesidiis
1975 2038 2222 2074 historiarum

1195 2096 1374 2146 scriptori
1388 2096 1610 2133 necessariis
1630 2110 1678 2133 ne
1698 2096 1892 2133 minimam
1918 2096 2073 2146 quidem
2091 2108 2222 2133 curam

1194 2168 1363 2205 unquam
1390 2153 1550 2199 habuit,
1575 2154 1642 2192 sed
1664 2155 1831 2206 propriae
1856 2156 1959 2191 omni
1980 2154 2222 2205 experientiae

1197 2215 1300 2252 velut
1335 2227 1382 2251 ex
1417 2214 1596 2264 professo
1636 2214 1978 2252 renuntiavitzhie
2009 2227 2086 2264 quo
2107 2221 2221 2264 pacto

1195 2273 1407 2324 praestantis
1430 2281 1467 2310 et
1485 2273 1613 2323 gravis
1636 2273 1811 2310 historici
1838 2273 1976 2310 famam
1997 2272 2219 2319 obtinuerit,

1196 2332 1373 2383 equidem
1416 2332 1557 2369 nescio.
1593 2330 1665 2370 Καὶ
1701 2330 1787 2369 διότι
1821 2330 1973 2369 τοιοῦτόν
1989 2332 2094 2379 ἐστιν,
2117 2329 2218 2368 αὐτὸν

1185 2442 1375 2480 Ceraunios,
1396 2440 1430 2472 in
1447 2440 1622 2473 Abantium
1636 2441 1668 2473 ct
1689 2442 1893 2472 Nestaeorum
1910 2439 2006 2480 fines,
2025 2443 2055 2472 et
2085 2439 2218 2472 Oricum

1184 2489 1402 2521 incoluerunt.

1671 2541 1730 2573 54.

1227 2596 1368 2635 Corcyra
1383 2593 1473 2634 prius
1490 2592 1667 2625 vocabatur
1689 2594 1836 2632 Drvpana
1848 2615 1856 2630 ‚
1881 2590 1995 2623 deinde
2012 2590 2152 2628 Scheria,
2165 2599 2217 2622 cu-

1180 2642 1233 2682 jus
1247 2640 1517 2674 denominationis
1536 2640 1693 2671 rationem
1712 2638 1817 2670 reddit
1839 2637 2026 2669 Aristoteles
2040 2636 2073 2667 in
2096 2638 2214 2677 Corcy-

1183 2698 1326 2722 raeorum
1339 2688 1514 2729 republica.
1530 2687 1615 2718 Dicit
1630 2686 1715 2718 enim
1732 2688 1892 2723 Cererem,
1922 2684 2084 2715 verentem
2102 2691 2142 2714 ne
2158 2683 2214 2714 ssu-

1182 2737 1228 2768 vii
1243 2745 1284 2768 ex
1298 2739 1383 2768 terra
1397 2735 1574 2767 continenti
1588 2735 1621 2765 in
1634 2742 1721 2764 mare
1732 2731 1926 2773 profluentes
1940 2730 2027 2761 illam
2042 2729 2214 2763 redderent

1182 2783 1411 2821 continentem,
1427 2790 1554 2822 rogasse
1570 2782 1764 2820 Neptunum,
1781 2781 1815 2810 ut
1828 2778 2001 2809 fluviorum
2017 2786 2148 2808 cursum
2163 2777 2213 2809 de-

1181 2830 1337 2868 clinaret3
1357 2829 1407 2861 his
1434 2828 1579 2860 inhibitis
1601 2836 1658 2867 pro
1675 2828 1821 2866 Drepana
1847 2833 1917 2855 eam
1936 2823 2126 2864 appellatam
2142 2832 2213 2856 esse

1181 2877 1354 2916 Scheriam,
1367 2886 1384 2908 3
1394 2876 1493 2908 verbo
1506 2877 1608 2916 σχεῖν.
1624 2876 1770 2913 Drepana
1786 2871 1972 2910 vocabatur,
1989 2871 2076 2912 quod
2096 2873 2210 2911 Ceres,

1180 2933 1199 2956 a
1214 2926 1363 2965 Neptuno
1392 2922 1493 2964 petita
1518 2921 1598 2952 falce
1614 2944 1623 2959 ‚
1646 2920 1774 2951 Titanes
1797 2918 1907 2950 docuit
1937 2920 2056 2951 metere
2076 2927 2214 2959 eamque

1181 2971 1296 3002 deinde
1313 2969 1489 3002 occultavit
1511 2967 1543 2998 in
1560 2967 1720 2998 maritima
1736 2965 1850 2997 insulae
1872 2968 1977 3006 parte3
2003 2966 2142 2999 alluente
2155 2975 2210 2998 au-

1179 3019 1245 3049 tem
1262 3017 1341 3048 mari
1363 3021 1455 3048 terrae
1476 3015 1613 3046 sormam
1631 3014 1705 3046 falci
1722 3012 1862 3046 similem
1883 3013 2042 3046 redditam
2058 3023 2140 3047 esse.
2161 3015 2214 3047 Ti-

1179 3073 1282 3095 maeus
1301 3071 1377 3094 vero
1403 3062 1486 3093 hanc
1514 3060 1811 3092 denominationem
1833 3061 1958 3092 derivat
1977 3070 1996 3094 e
2019 3061 2118 3098 falce,
2144 3070 2211 3102 qua

1179 3113 1286 3142 Urano
1303 3112 1460 3141 Saturnus
1487 3108 1538 3139 vel
1556 3109 1693 3139 Saturno
1718 3108 1844 3149 Jupiter
1870 3108 2020 3150 pudenda
2044 3109 2183 3143 abscidit
2197 3120 2211 3149 3,

1180 3158 1261 3188 lianc
1276 3157 1361 3189 enim
1378 3156 1423 3187 ibi
1437 3155 1629 3186 occultatam
1647 3164 1717 3187 esse
1731 3154 1821 3188 dicit.

1576 3224 1589 3226 ,.
1600 3218 1805 3232 ⁴00-

1566 3250 1719 3289 LIBER
1748 3251 1814 3290 VI.

1219 3357 1297 3386 Rem
1312 3356 1420 3386 antem
1433 3354 1476 3385 ita
1497 3362 1531 3386 se
1547 3309 1685 3391 habere:5
1692 3309 1899 3387 fionfitentem
1916 3355 2023 3395 ipsum
2043 3355 2201 3386 Timaeum
