2320 3684
826 138 963 177 ISTRI
991 138 1328 178 FRAGMENTA.

60 266 65 268 -
94 240 248 275 Partem
267 228 381 281 hujus
399 225 603 278 fragmenti
623 223 768 262 habent
787 223 901 263 etiam
922 224 1074 273 Studes,

42 296 208 335 Phavor.
242 299 280 330 et
305 293 434 338 Etym.
462 289 518 324 Μ.
553 285 591 323 h.
628 297 667 322 v.
698 283 827 322 Verba
864 286 1077 331 πεποιῆσθαι

41 368 176 408 παρακ.
200 351 281 389 sine
306 346 428 386 dubio
466 357 514 383 ex
549 342 718 394 margine
742 342 783 380 in
810 351 955 380 textum
979 343 1078 380 irre-

42 419 214 465 pserunt.
223 406 440 447 Genuinam
451 402 655 441 lectionem
666 414 914 439 conservasse
925 401 1078 439 videtur

42 470 131 510 cod.
156 468 275 508 Paris.
301 465 392 517 qui,
420 463 480 501 his
509 460 640 500 verbis
662 460 826 509 omissis,
853 460 1079 511 simpliciter

42 528 182 568 hahet:
209 525 290 580 δόρυ
317 519 625 574 καταπεπηχέναι,
651 518 692 558 τὸ
719 518 829 562 πάθος
847 517 1077 569 σημαίνοντα,

43 591 90 626 In
116 585 289 637 margine
313 595 426 630 vero,
454 580 529 619 nisi
549 579 675 628 fallor,
701 586 806 617 erat:
832 576 941 631 τάφον
1023 593 1081 616 πε-

46 647 215 692 ποιῆσθαι
232 641 313 697 δόρυ
331 637 681 695 παρακαταθέμενον.
708 641 809 678 Nam
830 636 890 675 ἐπὶ
914 639 975 675 τοῦ
992 645 1080 675 ante

46 703 158 759 τάφου
182 703 321 742 desunt
345 701 386 739 in
413 707 580 752 quatuor
602 697 715 736 codd.

100 824 231 860 Tzetz.
265 817 314 857 ad
348 816 544 868 Lycophr.
577 816 676 863 1327
700 828 709 852 :
734 812 937 865 Εὔμολπος,
972 814 1040 866 οὐχ
1064 815 1082 852 ὁ

47 877 149 934 Θρᾲξ
164 877 256 918 κατὰ
268 877 327 916 τὸν
339 875 479 930 Ἴστρον
497 875 533 912 ἐν
547 875 591 925 τῇ
602 874 814 926 Συναγωγῇ,
825 872 902 911 ἀλλ’
921 875 939 911 ὁ
957 872 1024 916 θεὶς
1036 870 1082 911 τὰ

50 937 246 992 μυστήρια,
268 934 428 976 ἐκέλευσε
457 933 572 979 ξένους
587 931 637 985 μὴ
656 935 837 984 μυεῖσθαι·
869 931 1026 975 ἐλθόντος
1045 930 1082 969 δὲ

48 1001 111 1038 τοῦ
129 995 345 1051 Ἡρακλέους
364 996 400 1034 ἐν
418 993 620 1044 Ἐλευσῖνι,
639 991 700 1030 καὶ
721 991 879 1035 θέλοντος
906 993 1082 1043 μυεῖσθαι,

48 1055 109 1096 τὸν
127 1054 191 1109 μὲν
213 1058 274 1094 τοῦ
298 1053 490 1105 Εὐμόλπου
515 1057 623 1103 νόμον
655 1049 899 1104 φυλάττοντες,
928 1048 1085 1092 θέλοντες

51 1115 89 1155 δὲ
114 1114 253 1155 καὶτὸν
278 1112 393 1153 κοινὸν
423 1110 607 1166 εὖεργέτην
640 1109 823 1164 Ἡρακλέα
851 1112 1084 1164 θεραπεῦσαι,

50 1176 83 1215 οἱ
101 1172 314 1214 Ἐλευσίνιοι
331 1171 387 1210 ἐπ’
405 1171 501 1224 αὐτῷ
517 1169 562 1209 τὰ
583 1169 694 1223 μικρὰ
713 1168 925 1217 ἐποιήσαντο
945 1167 1085 1221 μυστή-

53 1249 130 1288 ρια·
151 1235 183 1272 ot
200 1230 236 1272 δὲ
256 1230 447 1284 μυούμενοι
468 1228 619 1284 μυρσίνῃ
640 1227 840 1283 ἐστέφοντο.

106 1291 267 1344 Repetit
291 1291 373 1328 haec
392 1289 648 1328 Phavorinus.
676 1288 733 1326 Cf.
761 1288 889 1326 Schol.
912 1287 962 1325 ad
993 1287 1088 1325 Ari-

53 1351 183 1403 stoph.
195 1354 291 1389 Ran.
315 1350 404 1387 333.
417 1347 543 1386 Verba
557 1348 592 1385 ἐν
608 1362 641 1385 τ.
656 1349 848 1399 συναγωγῆ
867 1345 1025 1385 Siebelis
1039 1359 1088 1384 ex

53 1411 140 1449 cod.
159 1411 238 1449 Ciz.
261 1417 300 1447 et
317 1406 443 1446 Viteb.
460 1410 479 1445 I
497 1406 655 1458 recepit.

109 1528 311 1568 Scholiast.
330 1526 450 1578 Soph.
470 1525 568 1564 OEd.
586 1525 668 1565 Col.
694 1526 794 1570 1046
828 1524 961 1576 (1108)
981 1539 989 1562 ε
1012 1525 1090 1572 Ζη-

53 1594 184 1638 τεῖται,
201 1586 236 1626 τί
258 1585 388 1634 δήποτε
412 1586 445 1624 οἱ
472 1583 699 1636 Εὐμολπίδαι
718 1585 788 1622 τῶν
812 1585 961 1623 τελετῶν
985 1583 1090 1638 ἐξάρ-

54 1663 178 1702 χουσι,
209 1645 298 1697 ξένοι
331 1644 437 1688 ὄντες.
478 1643 588 1683 Εἴποι
616 1642 648 1681 δ’
680 1641 721 1681 ἄν
756 1658 827 1692 τις,
852 1642 905 1682 ὅτι
936 1642 1090 1687 ἀξιοῦσιν

55 1705 160 1755 ἔνιοι,
194 1705 334 1758 πρῶτον
366 1702 558 1754 Εὔμολπον
590 1703 738 1748 ποιῆσαι
768 1700 827 1739 τὸν
847 1700 1008 1748 Δηῗόπης
1029 1703 1093 1748 τ’ῆς

55 1762 304 1818 Τριπτολέμου
335 1761 381 1801 τὰ
406 1763 440 1800 ἐν
463 1761 642 1800 Ἐλευσῖνι
661 1759 858 1814 μυστήρια,
890 1760 950 1798 καὶ
971 1762 1009 1798 οὐ
1031 1759 1091 1799 τὸν

57 1825 206 1878 Θρᾷκα,
224 1822 285 1862 καὶ
305 1825 408 1861 τοῦτο
425 1822 575 1874 ἱστορεῖν
592 1820 730 1874 Ἴστρον
757 1820 792 1858 ἐν
813 1821 863 1873 τῷ
883 1818 960 1874 περὶ
983 1817 1092 1870 (πέμ-

57 1897 137 1937 πτῳ
157 1882 361 1922 Elmsleius
378 1894 427 1919 ex
438 1879 609 1931 vestigiis
629 1878 789 1930 codicis)
803 1880 873 1917 τῶν
894 1878 1072 1917 ἀτάκτων.

536 1938 602 1979 22.

110 2004 241 2040 Tzetz.
262 2000 311 2038 ad
326 1999 524 2051 Lycophr.
549 2000 623 2047 467
645 2014 654 2036 :
675 1997 779 2036 Μετὰ
806 1996 871 2045 τὴν
901 1997 957 2051 ὑφ’
984 1996 1096 2051 Ἥρα-

59 2058 181 2103 κλέους
202 2057 392 2111 γενομένην
408 2060 473 2105 τῆς
491 2057 622 2111 Τροίας
642 2057 774 2096 ἅλωσιν
792 2055 970 2108 Τελαμὼν
992 2057 1092 2096 Θεά-

60 2134 190 2172 νειραν,
208 2117 272 2165 τὴν
292 2116 352 2156 καὶ
368 2116 550 2166 Ἡσιόνην,
569 2116 674 2170 γέρας
697 2118 744 2161 ὡς
760 2116 935 2170 ἐξαίρετον
956 2115 1095 2163 ἔλαὸεν,

61 2179 108 2222 ὣς
124 2177 261 2231 Ἴστρος
276 2177 312 2215 ἕν
329 2175 550 2228 Συμμίκτοις
567 2176 685 2230 φησίν.

115 2239 161 2275 In
179 2236 374 2275 nonnullis
396 2235 597 2274 codicibus
622 2235 761 2274 desunt
792 2235 913 2274 verba
934 2236 982 2280 ὡς
1002 2233 1098 2280 ἐξαί-

65 2309 175 2349 ρετον,
192 2302 237 2333 ut
255 2294 408 2333 Miiller.
427 2301 570 2332 monet.

541 2353 604 2391 23.

91 2432 94 2436 ·
119 2417 249 2456 Schol.
269 2415 421 2457 Pindar.
451 2420 563 2456 Nem.
587 2416 623 2464 5,
644 2418 695 2467 89
716 2431 725 2454 t
744 2415 809 2455 Ἐν
834 2415 993 2463 Ἀθήναις
1025 2432 1097 2471 φα-

66 2474 120 2514 σὶν
139 2477 306 2530 εὑρῆσθαι
321 2474 385 2522 τὴν
417 2473 676 2530 παλαιστρικὴν
699 2475 767 2514 ὑπὸ
803 2474 1011 2529 Φόρὸαντος
1039 2479 1100 2515 τοῦ

554 2592 617 2625 20.

107 2649 298 2691 Eumolpus,
308 2658 373 2681 non
383 2649 492 2681 Thrax
503 2649 557 2682 ille
564 2674 573 2690 ,
584 2649 654 2689 sed,
665 2649 847 2682 secundum
858 2651 981 2683 Istrum
990 2650 1023 2682 in
1031 2651 1103 2684 Gol-

68 2696 206 2731 lectione
215 2696 384 2729 Atthidum
395 2721 404 2737 ,
424 2697 478 2730 ille
490 2698 546 2738 qui
563 2697 718 2738 mysteria
732 2698 888 2738 instituit,
903 2699 1002 2740 ¹jussit
1018 2708 1104 2740 pere-

70 2745 178 2786 grinos
195 2753 262 2776 non
281 2744 420 2785 initiari;
442 2753 544 2785 quum
560 2754 638 2777 vero
655 2746 809 2777 Hercules
829 2746 972 2778 venisset
993 2748 1026 2779 et
1046 2747 1104 2778 ini-

70 2791 143 2824 tiari
157 2794 303 2833 cuperet,
327 2791 500 2831 Eleusinii,
519 2792 621 2833 legem
636 2792 768 2833 quidem
790 2794 940 2834 Eumolpi
955 2803 1103 2835 servare,

70 2839 127 2872 sed
136 2840 247 2872 tamen
254 2839 396 2879 Herculi,
406 2839 447 2871 de
459 2840 549 2872 omni
557 2848 671 2881 genere
684 2840 827 2873 humano
840 2841 962 2883 optime
974 2842 1102 2881 merito,

73 2886 244 2927 gratificari
267 2886 411 2919 volentes
422 2909 432 2925 ,
457 2887 492 2918 in
518 2890 588 2928 ejus
616 2896 714 2922 usum
739 2888 981 2925 constituerunt
1006 2898 1106 2930 parva

71 2934 235 2975 mysteria.
253 2934 318 2971 Qui
334 2933 373 2965 iis
390 2933 616 2975 initiabantur,
633 2936 742 2977 myrto
757 2935 1008 2972 coronabantur.

556 2995 620 3027 21.

114 3050 289 3092 Quaeritur,
304 3059 363 3084 cur
377 3051 583 3094 Eumolpidae
594 3052 768 3086 initiationi
785 3053 938 3094 praesint,
955 3053 1107 3094 quamvis

73 3097 241 3139 peregrini.
269 3098 413 3139 Dixeris,
437 3099 612 3132 nonnullos
635 3100 848 3140 contendere,
874 3100 1017 3142 primum
1044 3103 1106 3132 Eu-

75 3143 236 3184 molpum,
251 3144 353 3177 filium
369 3145 524 3187 Deiopes‚
542 3155 616 3188 quae
630 3148 700 3180 erat
715 3148 906 3189 Triptolemi
922 3147 1004 3188 filia,
1019 3147 1108 3179 insti-

75 3191 176 3223 tuisse
190 3191 342 3225 Eleusine
355 3193 525 3235 mysteiia,
543 3203 611 3226 non
626 3195 782 3227 Thracem
797 3196 889 3227 illum
899 3220 908 3235 ,
924 3196 1022 3237 idque
1037 3204 1107 3227 nar-

78 3246 146 3270 rare
167 3239 287 3271 lstrum
308 3240 341 3272 in
363 3240 588 3274 miscellaneis.

561 3302 625 3335 22.

122 3355 295 3397 Postquam
317 3357 412 3398 Troja
434 3357 476 3389 ab
490 3358 625 3391 Hercule
641 3361 734 3400 capta
749 3361 835 3399 erat,
849 3359 1003 3392 Telamon
1022 3366 1108 3391 acce-

2089 142 2162 174 421

1135 223 1363 279 παιδοτρίὸου
1380 222 1542 270 Θησέως.
1560 221 1764 277 Φερεκύδης
1784 220 1820 260 δὲ
1840 220 1981 274 ἡνίοχον
1998 221 2056 260 τὸν
2075 220 2170 274 Φόρ-

1136 282 1248 322 ὃαντά
1267 299 1354 338 φησι
1373 281 1541 332 Θησέως,
1564 281 1625 321 σὺν
1654 275 1684 336 ᾧ
1709 281 1769 320 καὶ
1798 279 1863 328 τὴν
1893 280 2076 332 Ἀμαζόνα
2102 281 2169 334 ἁρ-

1137 342 1251 387 πάζει.
1286 342 1360 382 Καὶ
1391 341 1566 393 Πολέμων
1601 340 1638 380 δὲ
1663 343 1814 395 ἱστορεῖ,
1839 339 1956 388 πάλην
1985 338 2171 394 εὑρηκέναι

1135 399 1333 454 Φόρὸαντα
1364 401 1555 449 Ἀθηναῖον.
1583 399 1671 441 “Ort
1704 399 1740 439 δὲ
1770 399 1911 448 Θησεὺς
1924 397 2171 453 παρ’γἈθηνᾶς

1137 457 1246 510 ἔμαθε
1266 458 1330 506 τὴν
1350 458 1483 507 πάλην,
1500 457 1638 513 Ἴστρος
1656 460 1800 513 ἱστορεῖ.

1614 543 1678 582 24.

1192 612 1305 664 Diog.
1328 616 1454 652 Laert.
1478 614 1537 663 ΙΙ,
1563 614 1612 664 59
1633 630 1642 652 :
1672 612 1809 666 Ἴστρος
1837 612 1942 667 φησὶν
1972 612 2077 651 αὐτὸν
2099 611 2173 664 (τὸν

1140 670 1367 725 Ξενοφῶντα)
1386 677 1503 726 φυγεῖν
1522 672 1614 711 κατὰ
1630 672 1798 726 ψήφισμα
1818 670 2013 720 Εὖὸούλου,
2030 681 2090 709 καὶ
2102 687 2172 710 κα-

1139 731 1272 769 τελθεῖν
1293 729 1385 769 κατὰ
1400 730 1569 785 ψήφισμα
1586 736 1647 771 τοῦ
1668 734 1786 771 αὐτοῦ.

1617 808 1681 846 25.

1196 878 1323 917 Schol.
1353 877 1536 929 Sophocl.
1573 878 1670 916 OEd.
1693 879 1774 917 Col.
1814 880 1890 927 673
1909 878 2059 930 (683):
2080 877 2127 918 Ὁ
2147 877 2179 916 δ’

1141 936 1282 991 Ἴστρος
1299 939 1363 984 τῆς
1385 935 1575 990 Δήμητρος
1603 931 1692 976 εἷναί
1714 939 1825 990 (φησι)
1847 938 1989 990 στέμμα
2002 938 2066 986 τὴν
2088 939 2181 991 μυῤ-

1145 995 1242 1051 ῥίνην
1263 996 1324 1034 καὶ
1356 994 1420 1043 τὴν
1443 994 1600 1047 μίλακα,
1629 996 1709 1050 περὶ
1727 991 1769 1043 ἧς
1797 996 1952 1048 γίνεσθαι
1967 997 2032 1045 τὴν
2066 997 2183 1036 διαδι-

1143 1055 1284 1095 κασίαν.
1320 1055 1395 1095 Kal
1410 1054 1469 1094 τὸν
1498 1053 1707 1108 ἱεροφάντην
1728 1053 1764 1093 δὲ
1781 1056 1839 1094 καὶ
1856 1056 1918 1100 τὰς
1944 1056 2185 1111 ἱεροφάντιδας

1145 1115 1205 1154 καὶ
1231 1114 1291 1154 τὸν
1326 1114 1495 1168 δᾳδοῦχον
1530 1112 1590 1151 καὶ
1633 1111 1695 1156 τὰς
1727 1112 1836 1157 ἄλλοις
1863 1115 1989 1167 ἱερείας
2017 1113 2185 1167 μυῤῥίνης

1145 1173 1238 1227 ἔχειν
1263 1172 1447 1228 στέφανον·
1473 1172 1517 1211 δι’
1547 1171 1570 1210 ἃ
1596 1171 1653 1211 καὶ
1675 1188 1696 1210 τ
1713 1184 1752 1220 ,ν’
1769 1171 1944 1226 Δήμητρα
1972 1172 2186 1226 προσθέσθαι

1145 1233 1277 1280 ταύτην
1295 1232 1398 1287 φησί.

1200 1292 1264 1331 Ad
1299 1291 1421 1330 verba
1462 1289 1544 1345 περὶ
1577 1283 1621 1337 ἧς
1648 1288 1829 1342 γίγνεσθαι
1865 1290 1928 1337 τὴν
1965 1288 2187 1328 διαδικασίαν

1146 1350 1308 1390 Siebelis
1339 1350 1500 1389 adnotat
1523 1350 1627 1388 haec:
1663 1353 1774 1388 «Hoc
1812 1349 2008 1400 quomodo
2045 1349 2189 1387 intelli-

1147 1410 1318 1462 gendum
1338 1410 1408 1458 sit,
1436 1409 1619 1447 videntur
1646 1408 1786 1447 docere
1809 1409 2021 1459 Hesychius
2044 1417 2082 1446 et
2099 1408 2191 1446 Pha-

1149 1469 1332 1517 vorinus,
1350 1469 1417 1519 qui
1439 1468 1514 1507 hoc
1527 1467 1700 1506 habent:
1723 1467 1876 1517 Μίλιον,
1902 1466 2042 1522 δένδρον
2069 1466 2190 1518 ὅμοιον

1150 1528 1271 1580 ἐλάτῃ,
1296 1521 1326 1581 ᾧ
1350 1526 1428 1570 τοὺς
1453 1526 1551 1571 νέους
1583 1530 1813 1580 στεφανοῦσιν
1841 1528 1876 1564 ἐν
1904 1531 1981 1569 ταῖς
2008 1531 2190 1577 πομπαῖς·

1151 1596 1190 1626 et
1224 1601 1254 1626 s.
1281 1601 1316 1624 v.
1333 1586 1491 1638 Σμίλος,
1531 1584 1804 1647 δένδρον’ἐλάτῃ
1832 1584 1965 1637 ὅμοιον·
1992 1587 2024 1624 οἳ
2050 1583 2087 1623 δὲ
2111 1584 2194 1639 πρί-

1150 1662 1232 1695 νος,
1262 1645 1363 1684 ἄλλοι
1392 1645 1578 1697 σμίλακα,
1603 1648 1626 1697 ᾗ
1654 1648 1920 1699 στεφανοῦνται.
1950 1649 2034 1684 Jam
2057 1648 2194 1682 Meur-

1152 1708 1231 1745 sius
1260 1706 1419 1745 Panath.
1449 1720 1482 1744 c.
1520 1719 1569 1744 22
1611 1705 1678 1744 illo
1711 1706 1844 1757 priore
1880 1705 2064 1756 Hesychii
2104 1705 2194 1742 loco

1152 1780 1245 1804 usus
1270 1765 1491 1817 suspicatur
1505 1795 1516 1814 ‚
1545 1779 1690 1817 pueros
1712 1765 1870 1803 smilace
1886 1773 2093 1803 coronatos
2110 1776 2194 1801 esse

1152 1827 1192 1864 in
1219 1838 1362 1877 pompa
1386 1825 1758 1863 Panathenaeorum:
1789 1824 1864 1862 hoc
1891 1825 1923 1862 si
1948 1837 2087 1862 verum
2116 1830 2195 1871 est,

1153 1886 1236 1923 haec
1254 1883 1456 1923 διαδικασία
1481 1882 1563 1936 περὶ
1589 1883 1761 1935 σμίλακος
1776 1884 1850 1922 erit
1867 1899 1875 1922 :
1901 1893 2087 1921 certamen
2096 1896 2197 1932 pue-

1154 1959 1304 1990 rorum,
1337 1948 1402 1993 qui
1427 1957 1477 1980 ex
1508 1947 1594 1993 ipsis
1619 1944 1729 1992 leztjus
1757 1955 1914 1994 pompoe
1935 1943 2071 1982 ltonoz-e
2096 1943 2198 1991 digni

1154 2009 1239 2042 sint.
1310 2003 1459 2052 Quidni
1484 2010 1612 2040 autem
1638 2003 1896 2054 intelligamus
1925 2013 2089 2054 pompas
2107 2002 2198 2039 Bac-

1155 2064 1306 2112 chicas,
1342 2062 1467 2113 qualis
1505 2061 1579 2099 suit
1617 2062 1678 2100 vel
1705 2060 1994 2100 Διονυσίωντῶν
2026 2060 2061 2098 ἐν
2099 2058 2198 2096 ἄστει

1155 2121 1282 2174 πομπὴ
1308 2121 1413 2174 apud
1430 2122 1602 2159 AEschin.
1620 2124 1662 2160 C.
1681 2121 1876 2163 Timarch,
1900 2134 1938 2171 p.
1964 2120 2038 2168 176
2064 2118 2198 2168 Wolf.‚

1156 2182 1215 2220 vel
1251 2181 1339 2230 illa,
1373 2194 1450 2231 qua
1479 2181 1653 2220 Bacchus
1687 2180 1867 2218 Eleusina
1907 2177 2198 2224 deducebatur,

1158 2240 1373 2292 praesertim
1401 2253 1523 2290 quum
1562 2252 1611 2277 ex
1649 2238 1825 2288 Euripid.
1864 2237 2002 2282 Bacch.
2033 2250 2103 2283 107
2141 2249 2197 2285 sq.

1159 2300 1322 2338 sciamus
1337 2329 1348 2347 ,
1372 2311 1536 2336 coronas
1562 2312 1584 2336 e
1598 2298 1755 2336 smilace
1775 2297 1892 2334 factas
1907 2297 2066 2334 usitatas
2081 2294 2198 2332 fuisse

1158 2359 1200 2397 in
1224 2358 1364 2396 Bacchi
1390 2358 1530 2396 sacris?
1607 2358 1735 2405 Quum
1756 2369 1850 2394 vero
1873 2355 2046 2394 Bacchus
2076 2353 2198 2405 parti-

1161 2431 1253 2470 ceps
1278 2417 1400 2456 factus
1423 2426 1522 2455 esset
1551 2417 1823 2468 mysteriorum
1850 2413 2024 2461 Cereris,
2064 2412 2197 2451 Cereri

1162 2490 1318 2530 quoque
1341 2477 1479 2515 smilax
1503 2476 1656 2514 videtur
1685 2489 1768 2514 esse
1794 2473 2024 2512 attributa.»

1394 2550 2191 2562 ——-——--..——

1158 2587 1206 2628 pit
1227 2587 1433 2626 Theaniram,
1449 2595 1549 2628 quam
1570 2588 1603 2619 et
1624 2586 1801 2619 Hesionam
1815 2585 1946 2623 vocant,
1967 2585 2002 2614 ut
2024 2583 2195 2623 praemium

1159 2635 1338 2676 eximium,
1361 2637 1492 2674 auctore
1514 2638 1600 2671 Istro
1621 2635 1655 2667 in
1678 2632 1903 2667 Miscellaneis.

1201 2736 1336 2769 Athenis
1360 2735 1451 2772 aiunt
1475 2736 1643 2769 inventam
1667 2743 1738 2766 esse
1762 2734 1863 2766 arteni
1887 2731 2029 2765 luctandi
2054 2741 2074 2764 a
2098 2732 2197 2764 Phor-

1162 2783 1275 2824 hante,
1290 2784 1404 2816 Thesei
1418 2783 1583 2824 magistro.
1600 2781 1801 2822 Pherecydes
1818 2789 1892 2812 vero
1906 2779 1967 2818 ait,
1984 2778 2197 2812 Phorbantem

1161 2831 1277 2863 Thesei
1293 2832 1437 2871 aurigam
1454 2831 1569 2869 fuisse,
1587 2838 1662 2861 cum
1679 2837 1744 2869 quo
1760 2827 1902 2868 rapuerit
1918 2830 2125 2858 Amazonem.
2139 2829 2198 2858 Po-

1161 2878 1247 2911 lemo
1263 2887 1394 2919 quoque
1410 2879 1538 2916 narrat,
1557 2877 1774 2908 Phorbantem
1791 2873 2019 2907 Atheniensem
2035 2873 2198 2906 invenisse

1161 2926 1304 2965 luctam3
1324 2925 1381 2957 sed
1393 2927 1474 2957 Ister
1488 2924 1605 2963 tradit,
1623 2924 1784 2956 Theseum
1801 2930 1871 2954 esse
1887 2920 2061 2954 aMinerva
2076 2920 2196 2953 luctam

1163 2973 1328 3006 edoctum.

1652 3018 1713 3051 24.

1204 3069 1287 3099 Ister
1303 3065 1418 3098 asserit
1433 3065 1525 3098 illum
1543 3066 1553 3105 (
1570 3063 1842 3105 Xenophontem)
1867 3071 1907 3096 ex
1923 3062 2052 3095 decreto
2075 3060 2196 3094 Eubuli

1163 3113 1328 3152 exulasse,
1357 3113 1567 3153 ejusdemque
1584 3114 1696 3152 postea
1712 3111 1841 3143 decreto
1857 3109 2000 3142 rediisse.

1646 3166 1710 3198 25.

1205 3215 1288 3247 Ister
1312 3213 1431 3252 tradit,
1457 3214 1605 3246 cererem
1630 3211 1778 3244 coronari
1799 3212 1906 3252 myrto
1931 3211 1964 3242 et
1982 3208 2129 3248 smilace,
2158 3207 2199 3240 de

1164 3269 1228 3302 qua
1240 3263 1326 3294 esset
1341 3261 1525 3301 contenti03
1548 3268 1646 3301 porro
1661 3259 1839 3292 antistitem
1852 3283 1861 3297 ,
1881 3257 2043 3290 antistitas
2054 3281 2062 3296 ,
2079 3255 2197 3288 toedise·

1167 3318 1238 3341 rum
1266 3311 1453 3349 ceterasque
1483 3308 1667 3340 sacerdotes
1693 3310 1853 3348 myrteam
1874 3305 1991 3338 habere
2016 3311 2169 3336 coronam
2188 3312 2196 3334 :

1168 3360 1334 3397 propterea
1348 3354 1447 3387 etiam
1466 3354 1573 3387 Cereri
1588 3362 1659 3386 eam
1685 3353 1817 3387 attribui
1837 3352 1927 3385 dicit.
