2320 3684
755 113 1092 167 PHERECYDIS
1119 118 1449 159 FRAGMENTA.
2116 126 2160 158 81

56 207 151 247 λίαν·
182 207 307 261 ᾠκεῖτο
323 205 359 244 δὲ
380 204 469 253 αὕτη
489 205 524 243 ἐν
557 202 678 256 Θούλῃ
695 205 757 250 τῆς
790 203 990 256 Ἀρκαδίας·
1025 205 1083 243 καὶ

54 265 131 318 ᾔτει
149 265 213 313 τὴν
234 263 406 324 θυγατέρα
424 263 550 316 (Ύλλῳ
566 266 727 313 γυναῖκα.
747 263 821 300 Τοῦ
839 260 875 299 δὲ
896 260 945 312 μὴ
971 261 1085 300 διδόν-

54 338 130 374 τος,
143 323 324 377 Ηρακλῆς
339 323 409 361 εἷλε
426 319 490 368 τὴν
508 318 698 393 Οἰχαλίαν,
718 318 778 357 και
794 317 873 362 τους
888 318 1018 362 υἱους’
1000 319 1086 358 απέ-

54 398 198 423 κτεινεν.
218 381 350 436 Ἴφιτος
388 378 424 419 δὲ
441 378 566 432 ἔφυγεν
587 379 633 422 εἷς
656 377 824 417 Εὔὸοιαν.
860 376 923 416 Ἔν
962 377 1084 431 Θούλῃ

54 452 187 494 aperte
221 447 461 492 corruptum.
496 441 544 477 O.
575 437 725 476 Miiller.
761 440 856 475 Dor.
874 440 907 488 Ι,
934 450 972 488 p.
995 443 1085 485 412,

57 501 172 539 fuisse
189 499 404 550 suspicatur
421 498 456 536 ἐν
476 496 645 536 ΘΩΜΗΙ
663 496 687 534 i.
707 510 744 547 q.
765 494 912 548 Ἰθώμῃ.
932 499 977 534 In
995 509 1086 534 ean-

55 559 144 596 dem
174 556 437 608 conjecturam
470 554 607 592 incidit
629 553 797 593 Clavier.
836 554 885 591 ad
909 554 1086 605 Apollod.

57 625 150 655 tom.
168 619 223 664 11,
243 629 282 667 p.
303 620 395 664 294.
417 613 491 654 Sed
510 614 671 652 omnino
690 626 767 651 non
791 612 840 650 de
855 612 953 651 urbe
978 613 1087 663 cogi—

58 675 216 714 tandum
251 673 429 721 videtur,
454 671 527 710 nec
562 680 769 723 propterea
808 671 934 724 ᾠκεῖτο
948 700 958 719 ,
990 671 1089 709 sicut

55 733 232 773 sturzius
254 732 357 780 vult,
379 730 608 769 mutandum
636 731 676 768 in
709 728 805 783 ᾤκει.
839 733 951 768 Latet
984 729 1089 768 haud

55 791 175 830 dubie
194 790 317 828 rarior
335 789 507 841 quaedam
525 802 604 827 vox
618 790 724 838 fines
739 789 799 826 vel
817 790 956 825 aditum
971 788 1090 840 signi—

56 851 183 889 ficans.
205 853 279 888 Pro
301 846 464 891 Μέλανος
491 847 696 899 legendum
729 855 787 885 est
819 844 1011 890 Μελανέως
1028 861 1036 883 :
1054 861 1088 885 v.

56 912 217 948 Pausan.
227 911 296 953 IV,
307 909 368 956 33,
376 921 414 958 p.
425 905 699 945 362.—Verba
713 913 907 957 postrema
918 903 1090 957 Ἴφιτος...

57 967 213 1008 Εὔὸοιαν
250 982 329 1006 non
353 967 532 1006 videntur
559 981 580 1005 e
613 966 836 1017 Pherecyde
862 966 998 1017 petita,
1023 965 1091 1003 sed

58 1028 212 1066 aliunde
232 1027 430 1065 additazv.
449 1028 491 1065 C.
512 1029 559 1064 O.
579 1026 727 1064 Miiller.
750 1028 844 1062 Dor.
860 1028 920 1074 ΙΙ,
939 1038 978 1076 p.
1000 1024 1090 1075 469.

112 1086 239 1126 Schol.
259 1089 416 1125 Homer.
434 1084 574 1134 Odyss.
601 1085 654 1130 Φ,
673 1085 721 1122 23
736 1097 743 1119 :
758 1081 910 1137 Ἴφιτος,
933 1082 1091 1137 Εὐρύτου

60 1144 123 1197 μὲν
142 1150 245 1195 παῖς,
266 1141 461 1197 Οἷχαλιεὺς
483 1140 520 1181 δὲ
542 1142 582 1181 τὸ
603 1141 720 1194 γένος,
741 1141 970 1194 ἀπολομένων
998 1143 1092 1195 αὗτῳ

59 1205 128 1243 τῶν
147 1202 280 1252 ἵππων,
296 1201 432 1256 περιῄει
453 1200 515 1246 τὰς
536 1200 636 1256 πέριξ
656 1202 803 1255 ἐρευνῶν
824 1200 960 1248 πόλεις,
976 1200 1008 1239 εἴ
1025 1216 1092 1239 που

60 1267 209 1316 φανεῖεν.
227 1258 403 1302 Πολυΐδου
429 1256 467 1296 δὲ
490 1263 551 1298 τοῦ
576 1260 733 1311 μάντεως
755 1258 910 1303 εἰπόντος
926 1261 1022 1313 αὐτῷ
1043 1258 1092 1311 μὴ

61 1319 314 1374 παραγίνεσθαι
341 1321 387 1364 εἷς
412 1319 575 1374 Τίρυνθα
601 1318 705 1371 χάριν
729 1317 906 1366 ζητήσεως
922 1333 931 1342 ·
960 1319 999 1356 οὗ
1025 1318 1093 1372 γὰρ

63 1372 152 1418 εἶναι
173 1377 361 1433 συμφέρον·
377 1377 518 1430 λέγεται
529 1375 808 1430 παρακούσαντα
820 1376 1093 1431 παραγενέσθαι.

62 1437 137 1477 Τὸν
164 1436 201 1476 δὲ
225 1436 406 1491 Ἡρακλέα
435 1439 581 1490 μηχανῇ
606 1452 676 1474 τινι
704 1435 764 1474 καὶ
793 1435 990 1490 στρατηγία
1011 1451 1095 1474 συν-

64 1496 344 1550 εφελκυσάμενον
359 1496 460 1535 αὐτὸν
478 1495 572 1547 ἄγειν
592 1497 639 1539 εἷς
652 1494 867 1549 ἐπίκρημνον
881 1500 1006 1547 τεῖχος.
1024 1494 1095 1534 Καὶ

62 1553 304 1608 καταστρέψαι
327 1553 384 1593 διὰ
410 1554 451 1594 τὸ
469 1553 556 1608 πρὸς
580 1553 682 1592 αὐτὸν
711 1552 804 1606 ἔχειν
817 1551 998 1614 ἔγκλημα
1035 1568 1096 1592 και

62 1613 121 1652 τὸν
141 1611 290 1667 πατέρα,
302 1611 356 1651 ὅτι
369 1612 618 1660 τελευτήσαντι
631 1613 726 1664 αυτῷ
741 1611 800 1650 τὸν
817 1605 936 1659 ἆθλον,
951 1610 1015 1659 τὴν
1030 1610 1097 1650 Ἰό-

63 1673 130 1720 λην
141 1677 266 1724 γαμεῖν
283 1672 345 1710 οὐκ
358 1670 506 1719 ἔδωκαν,
521 1670 598 1709 ἀλλ’
616 1669 850 1721 ἀτιμάσαντες
865 1669 1094 1723 ἀπέπεμψαν.

65 1729 216 1783 Λέγεται
236 1728 305 1769 δὲε
284 1746 333 1774 ως
346 1728 594 1782 ἀγανακτήσας
609 1731 628 1768 ὃ
643 1728 762 1773 Ζεύς’
747 1745 805 1767 επι
823 1731 867 1781 τῇ
885 1727 1095 1782 ξενοκτονίᾳ,

64 1788 274 1845 προσέταξεν
293 1787 412 1843 Ἑρμῇ
439 1787 607 1827 λοιὸόντα-μ
633 1787 692 1827 τὸν
717 1786 898 1841 Ἡρακλέα
928 1789 1096 1834 πωλῆσαι

66 1849 165 1898 δίκην
184 1852 246 1888 τοῦ
262 1846 378 1902 φόνου.
400 1846 472 1886 Τὸν
494 1846 530 1885 δὲ
550 1848 597 1890 εἰς
615 1845 748 1886 Λυδίαν
766 1845 942 1898 ἀγαγόντα
961 1849 1004 1898 τῇ
1025 1848 1095 1885 τῶν

65 1906 182 1947 τόπων
207 1905 440 1960 βασιλευούσῃ
455 1904 625 1959 Ὀμφάλῃ
643 1906 762 1944 δοῦναι
777 1908 884 1959 τριῶν
904 1903 1096 1956 τιμηθέντα

66 1966 263 2006 ταλάντων.
283 1965 328 2005 Ἥ
363 1965 498 2020 ἱστορία
531 1963 628 2019 παρὰ
663 1965 861 2018 Φερεκύδῃ.
888 1965 943 2003 Cf.
964 1965 1092 2003 Schol.

67 2029 182 2065 Hom.
199 2026 243 2064 11.
262 2028 307 2074 E,
329 2026 418 2075 392.

551 2078 615 2115 35.

121 2132 247 2170 Schol.
265 2134 421 2170 Homer.
442 2131 485 2169 ΙΙ.
506 2133 551 2178 Ξ,
575 2132 650 2169 255
667 2145 675 2167 :
690 2129 870 2183 Ἡρακλῆς
885 2129 1096 2181 ἀνακομιζό-

67 2253 159 2292 lium,
179 2253 331 2285 Arcesilai
347 2253 509 2294 nepotem,
527 2253 617 2284 venit
631 2251 826 2291 OEchaliam,
844 2261 918 2294 quae
933 2252 1012 2285 urbs
1035 2252 1098 2286 sita

68 2302 119 2334 est
131 2301 165 2332 in
180 2300 298 2332 finibus
310 2300 468 2332 Arcadiae.
491 2299 671 2332 Postulavit
685 2299 726 2331 ab
739 2308 795 2339 eo,
813 2301 851 2332 ut
866 2299 977 2338 (Iolen)
998 2300 1096 2332 filiam

69 2347 165 2389 Hyllo
180 2347 271 2379 daret
288 2355 432 2379 uxorem.
447 2346 541 2385 Quod
558 2355 661 2387 quum
674 2346 728 2379 ille
743 2348 924 2386 recusaret,
941 2347 1097 2379 Hercules

69 2394 156 2436 cepit
184 2393 390 2433 OEchaliam,
414 2395 512 2434 atque
535 2393 620 2426 filios
646 2393 716 2435 ejus
744 2393 915 2426 interfecit.
947 2395 1094 2432 Quorum

69 2441 195 2483 Iphitus
211 2441 297 2482 fugit
309 2441 342 2472 in
358 2440 528 2472 Euboeam.

110 2488 256 2530 Iphitus,
270 2487 387 2529 Euryti
402 2487 500 2528 filius,
529 2487 731 2524 OEchialeus‚
753 2489 789 2519 ut
805 2487 978 2519 duodecim
1000 2495 1100 2528 equas

70 2535 208 2567 amissas
241 2537 421 2576 quaereret,
437 2542 494 2576 per
512 2534 609 2567 urbes
633 2534 759 2566 vicinas
769 2534 965 2574 circumivit,
979 2533 1007 2566 si
1020 2534 1101 2566 forte

72 2581 190 2615 alicubi
198 2590 253 2614 eas
269 2581 440 2614 inveniret.
455 2581 613 2623 Praecepit
625 2581 654 2613 ei
665 2580 815 2621 Polyides
821 2583 924 2620 vates,
937 2590 978 2613 ne
989 2580 1100 2622 Tiryn-

72 2630 160 2661 them
183 2628 348 2669 quaerendi
371 2637 468 2660 causa
489 2628 757 2670 proficisceretur;
777 2628 840 2660 hoc
860 2628 948 2661 enim
970 2628 1013 2660 nil
1030 2637 1100 2669 pro-

72 2676 176 2709 desse.
191 2675 255 2708 Sed
269 2675 323 2708 ille
338 2675 427 2708 dicto
443 2684 508 2707 non
531 2675 667 2708 audiens
689 2675 765 2708 illuc
781 2684 817 2708 se
835 2675 1011 2708 contulisse
1025 2675 1101 2707 dici-

72 2725 125 2755 tur
139 2747 149 2763 ,
173 2723 232 2755 ubi
259 2723 414 2756 Hercules
439 2722 551 2755 fraude
578 2722 719 2763 quadam
740 2724 773 2755 et
794 2722 930 2755 artificio
951 2722 984 2755 in
999 2723 1100 2755 altum

73 2778 204 2802 murum
231 2779 342 2803 secum
366 2769 544 2802 abductum
574 2769 772 2811 praecipitem
800 2770 970 2811 dejecisset
983 2794 993 2810 ,
1025 2770 1102 2811 quia

74 2815 181 2857 ipsum
198 2817 231 2849 et
245 2819 315 2857 ejus
330 2818 454 2858 patrem
470 2818 658 2856 accusaret,
675 2817 764 2857 quod
782 2819 856 2858 post
867 2819 1036 2858 peractum
1059 2817 1101 2848 la-

74 2861 185 2896 horem
205 2872 269 2895 non
282 2863 396 2896 dantes
411 2863 499 2896 Iolen
512 2863 610 2896 filiam
624 2872 698 2896 cum
716 2864 891 2904 ignominia
907 2873 942 2896 se
955 2864 1099 2896 dimisis-

75 2913 158 2942 sent.
179 2913 300 2943 Verum
317 2910 446 2951 Jupiter
470 2911 511 2943 de
527 2911 655 2952 hospite
682 2911 789 2943 occiso
811 2911 1016 2952 indignatus,
1035 2920 1101 2952 quo

76 2957 229 2990 Hercules
242 2966 372 2999 poenam
383 2957 523 2990 solveret
537 2958 648 2998 caedis,
664 2959 824 2990 Mercurio
836 2958 974 2999 jussisse
981 2958 1100 2990 dicitur

78 3006 113 3035 ut
132 3012 208 3036 eum
228 3003 403 3043 venderet3
426 3004 478 3036 hic
499 3004 533 3035 in
555 3004 693 3045 Lydiam
715 3004 893 3036 abductum
929 3004 1033 3036 tribus
1060 3007 1102 3035 ta-

77 3049 170 3083 lentis
182 3051 379 3083 aestimatum
391 3051 519 3084 dedisse
525 3051 702 3092 Omphalae,
712 3052 808 3093 huJus
823 3051 960 3092 regionis
973 3052 1099 3092 reginae.

557 3112 620 3144 35.

119 3166 273 3198 Hercules
289 3175 308 3198 a
329 3168 424 3208 Troja
444 3169 627 3208 expugnata
651 3168 796 3205 rediens,
818 3177 920 3209 quum
937 3167 969 3199 in
992 3169 1102 3208 AEgaeo

79 3212 160 3244 mari
177 3215 371 3253 versaretur,
385 3214 525 3246 sunonis
538 3215 705 3247 voluntate
717 3215 898 3247 vehementi
912 3216 1103 3255 tempestate

80 3260 216 3291 vexatus
231 3261 293 3300 est,
309 3262 341 3292 et
361 3260 415 3292 ubi
431 3261 472 3293 ad
489 3263 572 3302 Con,
588 3270 687 3302 quam
702 3263 848 3303 Meropes
864 3261 1003 3293 insulam
1017 3263 1101 3292 tene·

81 3305 169 3347 bant,
183 3305 308 3338 delatus
323 3310 419 3348 esset,
436 3316 511 3339 eum
526 3317 609 3341 nave
621 3309 730 3349 egredi
748 3317 801 3340 rex
820 3308 946 3348 insulae,
960 3310 1102 3347 Eurypy-

237 3371 431 3402 chuenm
453 3363 702 3404 Ηιετοιιιὸοιιυιιι.

1145 222 1245 258 μενος
1269 207 1358 259 μετὰ
1378 191 1419 248 ξὸ
1441 210 1617 262 πορθῆσαι
1641 206 1785 261 Τροίαν,
1808 205 1990 258 γενόμενος
2015 205 2106 245 κατὰ
2129 206 2168 245 τὸ

1144 267 1288 317 Αἰγαῖον
1308 266 1477 318 πέλαγος,
1497 265 1661 319 βουλήσει
1681 265 1797 320 εἬρας
1814 266 1952 319 σφοδρῷ
1977 264 2169 318 συνεσχέθη

1143 327 1304 375 χειμῶνι·
1323 326 1529 379 κατασυρεὶς
1547 325 1584 364 δὲ
1607 327 1654 369 εἷς
1677 327 1743 365 Κῶ
1764 324 1828 372 τὴν
1856 323 2056 377 Μεροπίδα,
2079 326 2170 363 ἐκω-

1143 380 1231 429 λύθη
1254 383 1418 430 ἐπιὸῆναι
1433 387 1495 431 τῆς
1516 383 1624 431 νήσου
1644 383 1712 423 ὑπὸ
1729 382 1936 437 Εὐρυπύλου
1960 385 2021 421 τοῦ
2038 384 2171 421 Ποσει-

1144 440 1269 488 δῶνος,
1295 441 1536 493 βασιλεύοντος
1567 444 1682 490 αὐτῆς.
1712 442 1932 494 Βιασάμενος
1951 441 2008 488 δὲ,
2037 441 2097 479 καὶ
2125 443 2172 484 ὡς

1143 500 1276 552 λῃστὴς
1294 501 1417 545 ἐπιὸὰς
1427 532 1437 551 ,
1458 505 1570 542 ἀνεῖλε
1586 502 1644 542 τὸν
1661 503 1863 557 Εὐρύπυλον
1876 502 1935 542 καὶ
1950 501 2030 547 τοὺς
2045 502 2173 544 παῖδας

1146 560 1263 597 αὐτοῦ.
1286 559 1410 611 Μιγεὶς
1431 559 1467 598 δὲ
1480 564 1522 614 τῇ
1555 561 1698 616 θυγατρὶ
1715 565 1819 601 αὐτοῦ
1839 560 2048 614 Χαλκιόπῃ,
2073 562 2173 601 Θεσ-

1146 616 1253 656 σαλὸν
1274 616 1449 668 ἐγέννησε.
1470 618 1516 658 Ἡ
1536 620 1673 674 ἱστορία
1690 620 1787 675 παρὰ
1806 619 2004 675 Φερεκύδῃ.

1616 706 1679 745 36.

1201 772 1328 811 Schol.
1347 775 1502 810 Homer.
1518 773 1561 812 11.
1581 775 1626 820 A,
1648 787 1747 823 709.
1769 773 1925 818 Κτέατος
1941 774 2000 813 καὶ
2020 774 2175 828 Εὔρυτος

1147 831 1268 875 παῖδες
1284 824 1385 883 μὲν’
1362 846 1452 878 ησαν
1473 832 1691 876 Ποσειδῶνος
1707 833 1766 871 και
1784 831 1958 881 Μολιόνης
1969 849 2030 872 του
2049 834 2086 886 (l.
2100 834 2174 885 τῆς)

1147 888 1283 935 Μόλου,
1301 888 1484 936 ἐπίκλησιν
1506 888 1542 927 δὲ
1560 888 1733 943 Ἄκτορος.
1753 886 1861 930 Οὗτοι
1878 892 2174 953 παρηλλαγμένην

1148 947 1250 1002 φύσιν
1267 950 1336 986 τῶν
1348 947 1519 987 λοιπῶν”
1499 963 1601 1000 εσχον
1614 948 1817 1002 ἀνθρώπων.
1838 954 1975 1004 Διφυεῖς
1989 949 2055 1004 γὰρ
2073 954 2176 999 ἦσαν,

1148 1007 1287 1060 ἔχοντες
1308 1007 1469 1062 ἑκάτερος
1492 1006 1552 1046 δύο
1578 1007 1751 1061 κεφαλὰς,
1773 1007 1944 1061 τέσσαρας
1972 1008 2008 1047 δὲ
2037 1015 2178 1063 χεῖρας,

1148 1066 1257 1111 πόδας
1273 1066 1351 1110 τους
1371 1066 1485 1114 ἴσους,
1509 1065 1544 1105 ἓν
1566 1064 1603 1104 δὲ
1622 1068 1738 1118 σῶμα.
1762 1066 1829 1105 Διὰ
1850 1071 1952 1105 τοῦτο
1974 1067 2048 1111 τους
2071 1070 2178 1107 πολε-

1151 1124 1273 1178 μικους
1302 1125 1362 1164 και
1393 1124 1582 1177 γυμνικους
1611 1125 1733 1164 ἐνίκων
1773 1127 1920 1177 ἀγῶνας.
1943 1124 2123 1179 Ηρακλῆς
2143 1127 2179 1165 δὲ

1150 1187 1330 1234 πολεμῶν,
1349 1184 1409 1223 καὶ
1431 1183 1480 1236 μὴ
1502 1183 1692 1235 δυνάμενος
1719 1183 1811 1222 κατὰ
1842 1183 2017 1237 τουμφανὲ
2002 1200 2035 1228 ς
2066 1186 2178 1223 αὐτῶν

1149 1243 1405 1321 περιγενέσθαι,
1420 1242 1681 1295 συμμαχόντων
1705 1237 1846 1304 Αὐγέαν,
1873 1242 2028 1295 λοχήσας
2047 1244 2178 1281 ἀνεῖλεν

1151 1303 1291 1353 αὐτους,
1322 1304 1381 1342 και
1401 1303 1510 1347 ούτως
1536 1302 1709 1357 ἐπόρθησε
1737 1302 1802 1350 τὴν
1821 1295 1942 1341 Ἠλ.ιν
1969 1301 2016 1341 H
2042 1302 2178 1356 ἱστορία

1150 1362 1248 1417 παρὰ
1265 1361 1461 1417 Φερεκύδῃ.

1205 1423 1336 1460 Schol.
1364 1422 1403 1460 in
1432 1422 1630 1459 Platonem
1661 1435 1699 1472 p.
1728 1422 1804 1458 380
1834 1434 1911 1471 seq.
1938 1421 2053 1459 Bckk.
2071 1434 2080 1456 :
2098 1420 2182 1472 πρὸς

1153 1479 1212 1519 δύο
1237 1480 1307 1519 οὐδ’
1334 1483 1352 1519 ὁ
1371 1479 1567 1534 Ἡρακλῆς]
1586 1478 1729 1527 Ταύτης
1759 1480 1851 1530 (scil.
1880 1482 1943 1526 τῆς
1972 1478 2182 1532 παροιμίας,

1152 1553 1229 1591 qua
1247 1541 1356 1578 Plato
1370 1540 1490 1578 utitur
1508 1540 1548 1577 in
1567 1539 1756 1577 Phaedone
1776 1552 1812 1590 p.
1833 1540 1894 1589 89,
1910 1539 1953 1590 C)
1974 1536 2036 1585 τὴν
2069 1537 2182 1576 αἰτίαν

1152 1601 1171 1637 ὁ
1187 1601 1311 1652 Δοῦρις
1329 1597 1436 1642 οὕτως
1456 1599 1653 1652 ἀφηγεῖται.
1674 1596 1854 1650 Ἡρακλέα
1870 1597 1955 1650 φησὶ
1978 1595 2095 1649 βωμὸν
2116 1596 2183 1634 δει-

1154 1657 1310 1709 μάμενον
1333 1656 1391 1696 ἐπὶ
1409 1659 1459 1710 τῷ
1479 1658 1645 1710 Ἀλφειῷ,
1663 1658 1806 1708 πυγμῆς
1825 1657 1944 1709 ἀγῶνα
1963 1658 2184 1703 καταθεῖναι,

1153 1717 1213 1756 καὶ
1233 1716 1425 1764 νικήσαντα
1442 1714 1504 1763 τὴν
1523 1715 1600 1762 ἑξῆς
1617 1714 1846 1766 Ὀλυμπιάδα
1858 1744 1868 1762 ,
1885 1714 1991 1753 πάλιν
2013 1712 2183 1765 ἀγωνιζό-

1155 1791 1273 1828 μενον,
1292 1775 1359 1814 ὑπὸ
1375 1774 1530 1814 Ἐλάτου
1557 1773 1617 1813 καὶ
1638 1773 1846 1828 Φεράνδρου
1865 1773 1962 1825 πάλῃ
1983 1775 2158 1826 ληφθῆναι
2175 1804 2183 1820 ,

1155 1834 1215 1874 καὶ
1236 1835 1271 1880 ἐξ
1292 1833 1423 1873 ἐκείνου
1440 1833 1501 1881 τὸ,
1520 1833 1616 1888 Πρὸς
1635 1832 1695 1871 δύο
1718 1833 1788 1871 οὐδ’
1802 1835 1820 1871 ὃ
1838 1831 2036 1886 Ἡρακλῆς,
2056 1847 2185 1884 παροι-

1155 1896 1358 1946 μιασθῆναι.
1379 1892 1635 1947 Ἔχεφυλλίδας
1661 1891 1717 1941 δὲ,
1736 1890 1838 1930 αὐτὸν
1859 1891 1926 1930 ὑπὸ
1946 1890 2104 1930 Κτεάτου
2123 1891 2183 1929 καὶ

1156 1953 1337 2006 Εὐρύτου,
1356 1954 1426 1991 τῶν
1448 1952 1682 2000 Μολιονιδῶν,
1708 1953 1901 1998 ἡττηθῆναι
1929 1949 2021 1988 κατὰ
2047 1949 2110 1997 τὴν
2131 1949 2185 1987 ἐπ’

1158 2013 1292 2066 Aia-seio}
1310 2011 1495 2066 στρατείαν
1509 2027 1517 2035 ·
1540 2010 1732 2063 διωχθέντα
1749 2009 1785 2047 δὲ
1803 2009 1886 2063 ἄχρι
1907 2012 1968 2056 τῆς
1986 2008 2185 2062 Βουπράσι-

1155 2072 1232 2119 δος,
1251 2070 1311 2110 καὶ
1329 2069 1645 2125 περιὸλεψάμενον,
1668 2071 1713 2113 ὡς
1742 2069 1851 2112 οὐδεὶς
1873 2067 2003 2113 ἐξίκετο
2025 2070 2095 2106 τῶν
2117 2082 2185 2105 πο-

1153 2130 1300 2182 λεμίων,
1322 2128 1494 2184 ἀναψύξαι
1509 2145 1548 2167 τε
1560 2159 1571 2180 ,
1588 2129 1649 2167 καὶ
1667 2129 1706 2167 ἐκ
1726 2131 1787 2166 τοῦ
1806 2127 2061 2181 παραρρέοντος
2078 2142 2185 2164 ποτα-

1158 2246 1221 2287 lus,
1230 2246 1370 2288 Neptuni
1385 2246 1483 2286 tilius,
1495 2244 1675 2286 impedivit.
1688 2244 1748 2277 Sed
1762 2246 1934 2286 postquam
1947 2244 1979 2275 vi
1992 2245 2068 2275 etut
2077 2243 2186 2284 praedo

1158 2294 1404 2327 exscensionem
1430 2293 1600 2333 effecerat,
1620 2291 1822 2333 Eurypylum
1843 2292 1977 2332 eJusque
1993 2290 2075 2322 filios
2091 2290 2185 2322 inter-

1157 2341 1389 2422 ssfissts'sgltuffim
1410 2340 1475 2372 filia
1489 2340 1560 2381 ejus
1587 2339 1760 2381 Chalciope
1787 2347 1978 2380 congressus
2006 2337 2186 2378 procreavit

1640 2448 1702 2481 36.

1200 2508 1332 2539 Cteatus
1346 2509 1378 2538 et
1393 2508 1536 2546 Eurytus
1553 2514 1587 2537 re
1616 2514 1692 2537 vera
1708 2504 1839 2545 quidem
1862 2503 1918 2535 filii
1946 2504 2037 2534 erant
2063 2503 2181 2540 Neptu-

1159 2554 1192 2585 ni
1208 2562 1247 2586 ex
1270 2553 1421 2592 Molione,
1445 2553 1523 2585 Moli
1546 2552 1621 2593 filia,
1640 2551 1830 2584 dicebantur
1852 2559 1929 2583 vero
1952 2547 2076 2581 Actoris
2099 2556 2180 2578 esse.

1152 2601 1202 2638 ⁴Hi
1219 2605 1368 2633 naturam
1396 2600 1558 2632 habebant
1573 2609 1592 2632 a
1619 2599 1733 2632 ceteris
1759 2598 1946 2630 hominibus
1970 2596 2114 2627 alienam.
2134 2594 2185 2625 Bi-

1161 2648 1322 2680 membres
1336 2648 1422 2679 enim
1439 2649 1542 2686 erant,
1559 2647 1715 2678 habentes
1731 2648 1866 2685 uterque
1881 2644 1946 2675 duo
1961 2642 2077 2683 capita,
2097 2643 2186 2681 quat-

1159 2697 1234 2727 tuor
1249 2703 1366 2726 manus
1383 2694 1582 2734 totidemque
1597 2693 1713 2735 pedes,
1728 2700 1830 2723 unum
1847 2699 1924 2722 vero
1941 2697 2072 2729 corpus;
2085 2697 2185 2728 quare

1159 2742 1335 2774 vincebant
1354 2742 1387 2773 in
1406 2740 1638 2773 ceitaminibus
1654 2739 1774 2771 bellicis
1800 2740 1831 2770 et
1846 2736 2011 2777 gymnicis.
2031 2734 2184 2767 Hercules

1160 2791 1269 2821 autem
1285 2797 1368 2829 quos
1381 2788 1421 2820 ab
1437 2792 1542 2828 Augea
1557 2787 1684 2827 adjutos
1698 2795 1737 2817 ex
1753 2787 1862 2826 aperto
1879 2792 1944 2814 non
1967 2784 2077 2823 posset
2093 2790 2185 2822 supe-

1160 2845 1241 2876 rare,
1260 2836 1392 2868 structis
1405 2834 1530 2866 insidiis
1546 2833 1688 2871 sustulit,
1703 2840 1767 2872 quo
1786 2832 1869 2862 sacto
1885 2829 2025 2861 vastavit
2041 2828 2125 2860 Elin.

1202 2884 1324 2915 Contra
1344 2881 1426 2913 duos
1446 2890 1486 2912 ne
1511 2880 1666 2912 Hercules
1685 2878 1827 2918 quidem.
1845 2893 1875 2897 -
1894 2877 2000 2917 Hujus
2024 2874 2186 2917 proverbii

1160 2929 1315 2970 originem
1342 2928 1439 2960 Duris
1467 2927 1511 2958 ita
1527 2926 1688 2966 explicat:
1707 2924 1876 2956 Herculem
1900 2923 1995 2962 dicit,
2010 2931 2065 2954 ara
2079 2921 2119 2954 ad
2134 2922 2186 2954 Al—

1160 2977 1279 3018 pheum
1292 2977 1465 3014 exstructa,
1484 2973 1644 3014 pugilatus
1658 2973 1818 3003 certamen
1833 2970 2023 3009 instituisse,
2036 2971 2069 3002 et
2083 2978 2187 3010 quum

1160 3023 1292 3055 vicisset
1313 3023 1346 3053 in
1362 3021 1510 3062 proximo
1523 3019 1696 3051 certamine
1713 3018 1901 3059 olympiaco
1912 3041 1921 3058 ,
1935 3018 2050 3050 iterum
2066 3020 2186 3049 certan-

1160 3073 1225 3102 tem
1242 3069 1282 3101 ah
1297 3069 1390 3101 Elato
1406 3070 1437 3100 et
1450 3066 1636 3100 Pherandro
1655 3065 1741 3097 lucta
1755 3074 1827 3097 esse
1841 3067 2028 3106 superatum
2045 3064 2187 3105 indeque

1161 3120 1268 3149 ortum
1281 3124 1352 3148 esse
1367 3114 1585 3156 proverbium,
1594 3114 1716 3145 Contra
1728 3112 1810 3144 duos
1829 3121 1870 3144 ne
1882 3111 2035 3144 Hercules
2042 3111 2184 3151 quidem.

1160 3162 1406 3204 Echephyllidas
1430 3161 1529 3193 tradit
1547 3168 1622 3192 eum
1638 3169 1657 3191 a
1679 3162 1791 3193 Cteato
1803 3161 1835 3191 et
1851 3161 1975 3200 Euryto
2002 3158 2187 3191 Molionidis

1161 3211 1193 3242 in
1210 3209 1421 3250 expeditione,
1436 3216 1534 3248 quam
1546 3209 1659 3239 contra
1671 3209 1813 3252 Augeam
1828 3206 1916 3246 fecit,
1929 3206 2094 3238 devictum
2103 3214 2184 3245 esse;

1161 3265 1262 3298 quum
1281 3265 1357 3288 vero
1374 3255 1510 3295 fugisset
1525 3263 1629 3295 usque
1643 3253 1682 3286 ad
1699 3254 1889 3295 Buprasiam
1911 3253 2101 3294 nullumque
2131 3253 2187 3284 ho-

1162 3304 1260 3337 stium
1275 3302 1567 3341 animadvertisset,
1583 3310 1618 3334 se
1629 3301 1776 3333 refecisse
1789 3302 1821 3333 et
1836 3301 1984 3341 fluvium,
2001 3309 2041 3333 ex
2055 3309 2120 3342 quo
2137 3308 2187 3341 po-

2031 3372 2053 3404 6
