2320 3684
606 267 669 305 80.

182 335 238 370 St.
255 333 296 368 B.
316 327 443 372 Λύξεια
454 357 464 376 ,
483 326 583 369 πόλις
600 323 844 376 Ἀκαρνανίας·
859 322 939 363 Ἕκ.
960 325 1047 378 Εὐρ.
1067 324 1152 364 Ἀπὸ

132 388 266 434 Λυξέως
293 386 394 430 τινός.
419 390 570 426 Nomen
601 385 676 421 hoc
700 383 868 421 medium
894 383 1064 434 positum
1095 393 1152 422 est

129 449 229 485 inter
247 445 378 485 Λυδίαν
409 453 446 482 et
466 442 644 489 Λύκαιαν,
672 442 803 492 itaque
826 441 989 480 fortasse
1020 440 1151 487 Λύζεια

129 505 375 543 scribendum
382 533 390 541 .
609 554 653 590 81

182 620 238 655 St.
268 620 308 654 B.
339 612 543 666 Μολύκραι,
574 611 675 656 πόλις
703 611 784 665 περὶ
815 611 1042 652 Ναύπακτον.
1070 611 1149 652 Ἕκ.

127 673 333 728 περιηγήσει
344 670 529 725 Εὐρώπης.
539 671 741 722 Oppidum
753 671 1022 723 appellabatur
1032 670 1153 711 Μολύ-

128 749 230 786 κραι,
263 740 400 770 notum
425 744 474 769 ex
502 730 730 781 Thucydide
763 730 834 783 (II,
871 731 1038 782 843111,
1063 730 1151 783 102)

131 792 194 829 ubi
216 789 446 842 Μολόκρειον,
464 790 622 841 Scylace
640 798 678 828 et
697 788 887 828 Strabone
906 790 976 840 (X,
996 804 1035 840 p.
1061 789 1150 841 705)

127 851 196 888 ubi
207 848 410 902 Μολύκρεια
422 849 576 887 dicitur.
590 851 624 887 A
637 849 836 900 Stephano
850 848 1032 887 scribitur
1047 847 1152 886 Ὀλύ-

127 924 228 961 κραι,
248 909 456 959 locumque
475 907 627 946 obtinet
647 907 749 945 inter
771 920 835 945 eas
857 906 992 954 urbes,
1017 920 1103 957 quae
1131 920 1153 944 a

126 969 238 1006 litera
263 970 294 1005 Ο
308 967 511 1019 incipiunt.
539 965 709 1005 Dubium
725 980 804 1004 non
825 975 882 1004 est
905 967 998 1017 quin
1018 967 1153 1017 depra-

127 1036 218 1065 vato
234 1027 401 1065 Hecataei
416 1026 568 1074 codice,
584 1025 652 1063 ubi
665 1026 778 1064 litera
794 1029 834 1064 M
848 1026 948 1064 forte
963 1026 1152 1063 exstincta

127 1094 228 1134 erat,
249 1100 340 1124 usus
360 1086 408 1124 sit
429 1086 661 1136 Stephanus.

607 1143 670 1181 82.

179 1208 234 1244 St.
258 1207 301 1242 Β.
325 1203 479 1251 Οἷανθή,
507 1201 606 1246 πόλις
626 1203 794 1256 Λοκρῶν·
815 1201 895 1240 Εκ.
919 1200 1027 1254 Ἀσία.
1061 1199 1151 1239 Ἓλ-

125 1262 264 1306 λάνικος
280 1261 316 1299 δὲ
342 1260 528 1301 Οἷανθείαν
550 1259 656 1308 αὐτήν
675 1275 791 1314 φησιν.
819 1260 935 1308 Quod
954 1258 1051 1312 Ἀσία
1077 1271 1151 1309 pro

128 1319 283 1388 Εὐρώπῃ
305 1328 650 1367 commemoratur,
670 1319 826 1358 videtur
847 1332 927 1356 esse
951 1297 1048 1356 nihil
1076 1318 1150 1355 nisi

129 1381 261 1418 vitium
282 1380 481 1430 Stephani.

179 1496 231 1531 St.
254 1497 294 1531 B.
327 1491 503 1532 Χάλαιον·
529 1431 829 1543 πόλιῗῧΛοκρῶν·
853 1487 934 1527 “.Εκ
962 1487 1150 1542 Εὐρώπῃ·

128 1570 142 1585 «
168 1551 258 1602 μέτα
278 1550 314 1589 δὲ
328 1548 504 1604 Λοκροὶ,
488 1565 523 1588 εν
539 1548 574 1587 δὲ
595 1547 755 1588 Χάλαιον
775 1546 929 1596 πόλις,
913 1562 948 1585 εν
969 1546 1005 1585 δὲ
1017 1546 1151 1595 Οἷανθὴ

125 1587 267 1654 πόλις.)
267 1607 443 1647 >Libri
426 1625 461 1647 εν
480 1608 516 1647 δὲ
536 1610 567 1646 οἱ
583 1607 814 1656 Ἀνθήπολοι,
841 1607 947 1658 quod
972 1607 1152 1645 facillime

126 1685 145 1707 ι
149 1684 193 1707 or
196 1671 342 1720 rigitur.

177 1786 231 1821 St.
258 1786 286 1820 B
323 1781 466 1829 Φωκίς,
485 1779 587 1834 γώρα
605 1720 695 1832 8-ιτεῗερὶ
727 1780 785 1817 τὸν
810 1776 1046 1831 Παρνασσόν·
1071 1776 1150 1817 Εκ.

126 1841 208 1893 Εὐρ.
233 1839 317 1878 Ἀπο
339 1839 471 1879 Φώκου
491 1837 592 1882 τινός.

178 1955 232 1989 St.
258 1955 299 1989 B.
331 1953 468 2004 Κρῖσα,
490 1949 590 1993 πόλις
603 1891 811 1992 Βέὶωκίδος·

126 2009 257 2063 Κρίσου
281 2009 413 2048 Φώκου
432 2011 518 2047 υἷου.

842 1946 921 1986 (Εκ.
953 1947 1038 1998 Εὐρ.
1069 1945 1152 1985 Ἀπὸ

607 2062 671 2099 86.

178 2124 417 2162 Eustatl1.11.
442 2127 492 2172 B,
517 2123 618 2161 520:
641 2124 756 2175 Κρῖσα
781 2119 816 2158 δὲ
838 2118 956 2158 πεδίον
973 2118 1034 2157 καὶ
1053 2116 1153 2161 πόλις

125 2183 158 2219 ἐν
179 2184 327 2234 Λοκροῖς
345 2180 404 2228 ἢ
389 2197 423 2219 εν
443 2182 591 2235 Δελφοῖς
611 2179 681 2218 ἀπὸ
707 2179 841 2232 Κρίσου
860 2193 952 2221 τινος
971 2175 1151 2230 τυράννου,

124 2238 197 2286 ἢ,
180 2255 226 2283 ως
247 2238 434 2283 Εκαταῖός
456 2255 574 2293 φησιν,
597 2238 721 2282 παιδος
739 2236 883 2278 Φώκου.

602 2389 664 2421 80.

163 2446 283 2487 Lyxea,
305 2445 383 2477 urbs
405 2446 603 2485 Acarnaniae,
622 2448 700 2478 Hec.
714 2445 807 2477 Dicta
823 2454 842 2476 a
856 2443 998 2485 quodam
1021 2444 1142 2483 Lyxeo.

601 2507 664 2538 81.

162 2563 313 2604 Molycroe
324 2585 333 2602 ,
350 2562 428 2595 urbs
446 2563 530 2595 circa
551 2564 763 2604 Naupactum.

601 2619 664 2650 82.

162 2676 317 2715 OEanthe,
331 2675 408 2708 urbs
423 2676 613 2708 Locrorum.
638 2677 716 2708 Hec.
735 2674 849 2715 (Asia.)
865 2673 1052 2706 Hellanicus
1066 2681 1145 2706 vero

120 2723 306 2755 OEanthiam
323 2731 394 2754 eam
417 2725 522 2755 vocat.

600 2777 663 2811 83.

162 2834 328 2867 Chalaeum
340 2859 349 2874 ‚
374 2835 451 2866 urbs
473 2837 662 2867 Locrorum.
686 2835 763 2866 Hec.
781 2843 789 2865 ε
807 2846 822 2861 «
839 2835 917 2866 Post
933 2842 1009 2866 vero
1024 2834 1117 2866 Locri
1134 2857 1142 2873 ,

122 2882 203 2913 inest
222 2884 328 2913 auten}
351 2882 518 2914 Chalaeum
542 2882 637 2922 urbs,
655 2891 781 2914 necnon
796 2882 951 2914 OEanthe.
970 2895 986 2910 »

599 2942 662 2975 84.

166 2997 303 3036 PhociS,
332 2998 417 3038 regio
451 2998 535 3030 circa
567 3000 772 3030 Parnassum.
810 3000 888 3030 Hec.
918 2998 970 3030 Sic
1001 2998 1088 3030 dicta
1123 3007 1142 3030 a

122 3043 229 3075 Phoco
250 3043 400 3083 quodam.

600 3101 663 3132 85.

577 3159 674 3197 Hec.;
693 3167 710 3190 a
733 3157 825 3190 Criso
848 3157 946 3190 Phoci
969 3158 1044 3188 filio.

599 3224 659 3255 86.

162 3278 270 3315 Crisa,
299 3287 432 3319 campus
451 3280 482 3311 et
504 3280 581 3310 urbs
611 3281 641 3311 in
667 3284 841 3314 Locrorum
864 3283 920 3314 aut
942 3282 1139 3323 Delphorum

122 3328 221 3363 terra,
241 3334 260 3355 a
285 3326 376 3356 Criso
399 3325 538 3365 quodam
563 3330 714 3366 tyranno,
745 3330 812 3369 vel,
839 3332 873 3361 nt
903 3331 1072 3361 necataeus
1095 3329 1140 3361 di-

122 3372 183 3411 cit,
207 3372 305 3403 Phoci
329 3371 408 3411 lilio,
433 3382 549 3404 nomen
573 3373 702 3405 (lucens.

163 3154 253 3186 Crisa
262 3178 270 3193 ,
294 3154 369 3185 urbs
387 3155 536 3187 Phocidis
546 3180 555 3195 ,

882 177 1122 221 HECATAEI
1150 179 1479 225 FRAGMENTA.

1690 268 1751 306 87.

1263 335 1318 371 St.
1342 336 1383 372 B.
1409 333 1606 387 Χαιρώνεια
1621 364 1631 382 ,
1659 332 1758 376 πόλις
1786 331 1871 385 πρὸς
1897 338 1967 377 τοῖς
1995 332 2086 387 ὅροις
2110 334 2235 374 Φωκί-

1211 391 1276 434 δος.
1297 389 1376 430 Ἕκ.
1398 391 1554 445 Εὐρώπῃ
1573 408 1581 416 ·
1603 410 1618 426 «
1638 391 1673 430 ἒν
1695 390 1731 429 δὲ
1757 391 1960 443 Χαιρώνεια
1989 389 2089 435 πόλις
2105 422 2114 430 .
2131 421 2141 430 .
2158 422 2168 431 .
2193 390 2235 430 τὸ

1210 452 1347 503 πρῶτον
1385 450 1572 498 κέκληται.
1591 481 1599 488 .
1617 480 1627 488 .
1659 449 1731 488 ἀπὸ
1759 449 1953 502 Χαίρωνος.
1977 467 1993 484 »
2025 450 2235 489 Manifesta

1210 509 1291 547 haec
1310 518 1399 548 sunt
1415 511 1602 558 mutilata,
1623 509 1812 548 sententia
1829 517 1956 547 autem
1976 508 2067 547 inde
2083 509 2235 548 restitui

1210 577 1355 619 potest,
1391 569 1498 620 quod
1532 576 1667 620 postea
1706 567 1800 604 dicit
1829 567 2069 618 Stephanus,
2098 566 2234 606 urbem

1211 627 1319 678 prius
1341 631 1471 666 Arnen
1491 636 1666 665 vocatam
1685 626 1801 664 fuisse
1819 634 1857 664 et
1881 627 1935 663 sic
1955 626 2113 676 quidem
2129 625 2234 677 apud

1210 689 1422 724 Homerum
1447 686 1507 739 (11.
1527 690 1575 734 B,
1598 684 1688 736 507)
1702 714 1711 732 ,
1730 684 1836 735 quod
1856 698 1905 723 ex
1923 687 2103 722 Hecataeo
2123 684 2235 722 vide·—

1212 752 1274 782 tur
1291 747 1534 796 repetivisse,
1554 745 1622 796 qui
1641 745 1693 782 ita
1713 744 1911 795 scripserit
1929 757 1938 780 ε
1959 743 2006 782 Χ.
2023 741 2142 790 πόλις,
2157 742 2181 790 ἣ
2194 741 2234 781 τὸ

1210 806 1347 856 πρῶτον
1376 803 1546 851 κέκληται
1563 802 1690 856 Ἄρνη,
1720 801 1862 856 ὕστερον
1885 800 1922 840 δὲ
1942 801 2142 855 Χαιρώνεια
2163 799 2234 840 ἀπὸ

1210 862 1401 916 Χαίρωνος.
1413 864 1635 902 Chaeronem
1647 862 1867 901 Hellanicus
1881 861 2072 912 Apollinis
2084 869 2122 898 et
2132 860 2235 899 The-

1212 935 1276 959 rus
1292 922 1411 960 filium
1433 922 1530 960 dixit
1547 921 1695 972 (steph.
1716 920 1800 968 ih.).

1691 992 1754 1030 88.

1264 1059 1318 1094 St.
1339 1059 1382 1095 Β.
1403 1055 1603 1109 Κορώνεια,
1618 1054 1718 1099 πόλις
1737 1057 1917 1098 Βοιωτίας·
1936 1054 2017 1094 Ἕκ.
2039 1054 2128 1107 Εὖρ.
2151 1052 2235 1093 Ἀπὸ

1212 1115 1377 1170 Κορώνου
1399 1119 1460 1154 τοῦ
1479 1115 1716 1168 Θερσάνδρου.

1689 1181 1752 1219 89.

1264 1255 1318 1291 St.
1351 1256 1391 1291 Β.
1417 1250 1577 1305 Γέφυρα,
1602 1250 1703 1294 πόλις
1731 1251 1924 1295 Βοιωτίας·
1944 1250 2023 1294 τους
2051 1248 2174 1293 αὐτους
2197 1247 2235 1287 δέ

1210 1324 1296 1364 φασι
1323 1309 1383 1348 καὶ
1408 1309 1708 1363 Ταναγραίους,ε
1690 1325 1736 1353 ως
1764 1309 1935 1363 Στράὸων
1955 1309 2015 1348 καὶ
2031 1306 2233 1352 Εκαταῖος.

1210 1373 1336 1409 Locus
1353 1368 1552 1409 Strabonis
1574 1377 1631 1406 est
1651 1371 1730 1417 IX,
1749 1382 1788 1420 p.
1810 1369 1899 1419 619.

1690 1439 1754 1478 90.

1264 1508 1319 1543 St.
1335 1507 1376 1542 B.
1393 1502 1582 1557 Κόρινθος,
1601 1502 1741 1548 πόλις”
1721 1519 1792 1542 εσω
1809 1507 1870 1542 τοῦ
1888 1505 2014 1554 ἷσθμου
2041 1517 2105 1550 της
2120 1503 2236 1542 Πελο-

1210 1562 1395 1610 ποννήσου.
1422 1561 1501 1602 Ἑκ.
1533 1564 1617 1616 Εὐρ.
1639 1561 1685 1601 Ἥ
1704 1561 1791 1610 αὐτὴ
1822 1563 1981 1601 ἐκαλεῖτο
2004 1560 2146 1615 Ἔφυρα
2165 1559 2236 1599 ἀπὸ

1211 1622 1366 1678 Ἐφύρας
1380 1624 1443 1669 τῆς
1457 1620 1654 1674 Μύρμηκος
1669 1624 1731 1669 τῆς
1751 1620 1975 1674 Ἐπιμηθέως
1991 1619 2161 1672 γυναικός.
2176 1621 2235 1662 Cf.

1210 1682 1339 1721 Schol.
1359 1681 1535 1732 Apollon.
1552 1684 1619 1729 IV,
1645 1694 1756 1719 1212.

1690 1754 1753 1792 91.

1264 1817 1389 1858 strab.
1411 1821 1519 1864 VIII,
1539 1819 1642 1862 524:
1664 1815 1853 1859 Εκαταῖος
1871 1815 1907 1854 δὲ
1927 1818 1945 1854 ὃ
1964 1814 2137 1863 Μιλήσιος
2156 1812 2234 1855 ἑτέ-

1213 1893 1289 1931 ρους
1307 1875 1483 1928 λέγειτῶν
1501 1876 1651 1915 Ἠλείων
1664 1874 1743 1918 τους
1759 1874 1942 1919 Ἐπειούς·
1957 1877 2008 1929 τῷ
2027 1878 2109 1926 γοῦν
2123 1873 2235 1928 ε-·Ηρα

1210 1938 1285 1975 κλεῖ
1314 1939 1568 1989 συστρατεῦσαι
1598 1934 1676 1978 τους
1705 1933 1866 1977 Ἐπειους
1896 1933 1954 1972 ἐπὶ
1988 1933 2140 1994 Αὐγείαν
2174 1935 2234 1972 καὶ

1211 1995 1407 2034 συνανελεῖν
1424 1995 1518 2046 αὐτῷ
1538 1992 1596 2031 τόν
1619 2009 1657 2031 τε
1668 1991 1819 2043 Αὐγείαν
1839 1992 1899 2030 καὶ
1918 1991 1982 2039 τὴν
1999 1986 2128 2040 ’,Ηλιν
2148 1991 2235 2045 φησὶ

1211 2052 1246 2092 δὲ
1277 2070 1335 2092 και
1364 2051 1427 2100 τὴν
1448 2051 1572 2103 Δύμην
1602 2051 1764 2091 Ἐπειίδα
1788 2051 1846 2089 καὶ
1882 2050 2039 2103 Ἀχαιδα.
2071 2051 2234 2101 Reliqua

1210 2114 1350 2151 horum
1363 2113 1555 2164 pertinent
1566 2111 1614 2149 ad
1623 2111 1804 2149 historias
1814 2110 1981 2148 Hecataei
1996 2111 2058 2162 (cf.
2069 2110 2114 2148 fr.
2127 2109 2230 2159 348),

1210 2185 1296 2223 quae
1313 2185 1407 2209 vero
1431 2171 1479 2208 de
1494 2174 1618 2220 Dyme
1634 2169 1811 2215 tradidit,
1830 2170 1894 2207 vix
1912 2170 2090 2206 omittere
2107 2169 2232 2220 potuit

1209 2233 1249 2270 in
1273 2231 1530 2282 descriptione
1552 2230 1718 2268 Achaiae.

1688 2379 1751 2412 87.

1248 2441 1424 2473 Chaeronea
1436 2462 1445 2478 ‚
1462 2438 1539 2470 urbs
1562 2438 1601 2471 ad
1618 2438 1698 2470 fines
1719 2437 1883 2470 Phocidis.
1903 2439 1980 2470 Hec.
1997 2447 2005 2468 :
2026 2449 2042 2465 ιι
2055 2437 2143 2469 Inest
2154 2444 2231 2468 vero

1206 2488 1383 2520 Chaeronea
1399 2486 1494 2525 urbs,
1518 2494 1592 2526 quae
1609 2485 1698 2526 prius
1714 2486 1828 2517 vocata
1840 2487 1889 2517 est
1910 2487 2007 2521 Arne,
2031 2484 2144 2525 postea
2154 2491 2232 2515 vero

1206 2535 1384 2567 Chaeronea
1405 2543 1424 2566 a
1442 2533 1609 2566 Chaerone.
1627 2544 1643 2560 »

1687 2596 1750 2628 88.

1247 2658 1411 2694 Coronea,
1435 2653 1513 2685 urbs
1538 2653 1690 2692 Boeotiae,
1713 2654 1813 2692 Hec.;
1845 2661 1864 2684 a
1885 2654 2015 2685 corono
2035 2651 2229 2685 Thersandri

1204 2702 1280 2734 filio.

1686 2760 1748 2792 89.

1245 2819 1412 2860 Gephyra,
1438 2818 1518 2849 urbs
1539 2817 1690 2857 Boeotiae3
1713 2817 1844 2849 eosdem
1867 2819 1985 2849 vocant
2006 2817 2104 2849 etiam
2125 2818 2225 2850 Tana·

1202 2875 1322 2907 graeos,
1345 2868 1382 2898 ut
1403 2865 1518 2898 Strabo
1539 2866 1571 2897 et
1590 2866 1666 2896 Hec.

1683 2924 1746 2956 90.

1243 2983 1437 3022 Corinthus,
1471 2982 1549 3015 urbs
1581 2983 1665 3013 intra
1702 2981 1863 3013 Isthmum
1885 2980 2121 3021 Peloponnesi,
2146 2981 2222 3012 flec-

1201 3030 1322 3062 Eadem
1350 3029 1527 3061 vocabatur
1550 3028 1695 3069 Ephyra
1719 3028 1760 3059 ab
1783 3028 1915 3068 Ephyra
1943 3028 2008 3059 filia
2028 3027 2221 3068 Myrmecis.

1202 3077 1313 3108 uxoris
1335 3076 1526 3117 Epimethei.

1684 3130 1706 3162 9
1714 3129 1727 3161 1
1738 3151 1745 3158 .

1241 3191 1339 3221 Porro
1351 3189 1521 3220 Hecataeus
1536 3186 1679 3219 Milesius
1692 3186 1787 3218 Eleos
1803 3185 1844 3218 ab
1859 3185 1954 3226 Epeis
1980 3184 2127 3217 diversos
2151 3192 2223 3218 esse

1201 3235 1295 3274 dicit3
1311 3235 1485 3275 scribitque
1497 3237 1602 3275 Epeos
1624 3232 1753 3265 Herculi
1767 3233 1801 3265 in
1817 3232 2020 3273 expeditione
2034 3233 2144 3263 contra
2161 3233 2221 3263 Au-

1199 3291 1290 3323 geam
1297 3282 1451 3321 adfuisse,
1464 3291 1539 3314 cuin
1550 3289 1651 3322 eoque
1664 3280 1864 3312 destruxisse
1879 3279 2003 3311 Elidem
2013 3280 2046 3311 et
2060 3281 2222 3319 Augeam:

1200 3332 1323 3382 Dymen
1347 3338 1477 3369 qnoque
1500 3331 1565 3360 tam
1595 3329 1633 3360 ad
1657 3330 1761 3368 Epeos
1788 3336 1885 3368 quam
1908 3327 1946 3359 ad
1977 3327 2110 3358 Achaeos
2132 3325 2223 3366 perti-

1202 3385 1320 3409 nnisse.
