<?xml version="1.0" encoding="UTF-8"?>
<!DOCTYPE html PUBLIC "-//W3C//DTD XHTML 1.0 Transitional//EN"
    "http://www.w3.org/TR/xhtml1/DTD/xhtml1-transitional.dtd">
<html xmlns="http://www.w3.org/1999/xhtml" xml:lang="en" lang="en">
 <head>
  <title>
</title>
<meta http-equiv="Content-Type" content="text/html;charset=utf-8" />
  <meta name='ocr-system' content='tesseract 3.04.00' />
  <meta name='ocr-capabilities' content='ocr_page ocr_carea ocr_par ocr_line ocrx_word'/>
</head>
<body>
  <div class='ocr_page' id='page_1' title='image "./fragmentahistori01mueluoft_0030.png"; bbox 0 0 2294 3704; ppageno 0'>
   <div class='ocr_carea' id='block_1_1' title="bbox 112 106 2273 218">
    <p class='ocr_par' dir='ltr' id='par_1_1' title="bbox 112 106 2273 218">
     <span class='ocr_line' id='line_1_1' title="bbox 112 106 2273 218; baseline -0.025 1"><span class='ocrx_word' id='word_1_1' title='bbox 112 193 165 218; x_wconf 69' lang='lat' dir='ltr'><strong>xx</strong></span> <span class='ocrx_word' id='word_1_2' title='bbox 991 155 1058 194; x_wconf 82' lang='lat' dir='ltr'><strong>DE</strong></span> <span class='ocrx_word' id='word_1_3' title='bbox 1086 151 1317 191; x_wconf 76' lang='lat' dir='ltr'><strong>xANTno.</strong></span> <span class='ocrx_word' id='word_1_4' title='bbox 2252 106 2273 200; x_wconf 53' lang='grc' dir='ltr'>ᾗ</span> 
     </span>
    </p>
   </div>
   <div class='ocr_carea' id='block_1_2' title="bbox 113 237 1167 315">
    <p class='ocr_par' dir='ltr' id='par_1_2' title="bbox 113 237 1167 315">
     <span class='ocr_line' id='line_1_2' title="bbox 113 237 1167 315; baseline -0.027 -11"><span class='ocrx_word' id='word_1_5' title='bbox 113 266 254 315; x_wconf 81' lang='lat' dir='ltr'><strong>Libyca</strong></span> <span class='ocrx_word' id='word_1_6' title='bbox 275 272 312 301; x_wconf 88' lang='lat' dir='ltr'><strong>et</strong></span> <span class='ocrx_word' id='word_1_7' title='bbox 329 259 558 311; x_wconf 85' lang='lat' dir='ltr'><strong>AEthiopica,</strong></span> <span class='ocrx_word' id='word_1_8' title='bbox 577 255 711 294; x_wconf 90' lang='lat' dir='ltr'><strong>eodem</strong></span> <span class='ocrx_word' id='word_1_9' title='bbox 729 249 844 288; x_wconf 91' lang='lat' dir='ltr'><strong>modo</strong></span> <span class='ocrx_word' id='word_1_10' title='bbox 858 247 972 284; x_wconf 89' lang='lat' dir='ltr'><strong>etiam</strong></span> <span class='ocrx_word' id='word_1_11' title='bbox 994 243 1131 287; x_wconf 84' lang='grc' dir='ltr'>Ἑλλη-</span> <span class='ocrx_word' id='word_1_12' title='bbox 1159 237 1167 293; x_wconf 81' lang='grc' dir='ltr'>Ι</span> 
     </span>
    </p>
   </div>
   <div class='ocr_carea' id='block_1_3' title="bbox 113 304 1146 890">
    <p class='ocr_par' dir='ltr' id='par_1_3' title="bbox 113 304 1146 890">
     <span class='ocr_line' id='line_1_3' title="bbox 113 304 1134 375; baseline -0.027 -12"><span class='ocrx_word' id='word_1_13' title='bbox 113 325 192 362; x_wconf 79' lang='grc' dir='ltr'>νικὰ</span> <span class='ocrx_word' id='word_1_14' title='bbox 216 331 253 361; x_wconf 88' lang='lat' dir='ltr'><strong>et</strong></span> <span class='ocrx_word' id='word_1_15' title='bbox 281 320 388 375; x_wconf 82' lang='grc' dir='ltr'>ὥρους</span> <span class='ocrx_word' id='word_1_16' title='bbox 416 315 666 370; x_wconf 80' lang='grc' dir='ltr'>Λαμψακηνῶν</span> <span class='ocrx_word' id='word_1_17' title='bbox 688 308 852 348; x_wconf 91' lang='lat' dir='ltr'><strong>eundem</strong></span> <span class='ocrx_word' id='word_1_18' title='bbox 870 304 1014 342; x_wconf 89' lang='lat' dir='ltr'><strong>librum</strong></span> <span class='ocrx_word' id='word_1_19' title='bbox 1039 312 1134 346; x_wconf 92' lang='lat' dir='ltr'><strong>esse,</strong></span> 
     </span>
     <span class='ocr_line' id='line_1_4' title="bbox 114 362 1136 434; baseline -0.027 -12"><span class='ocrx_word' id='word_1_20' title='bbox 114 381 366 434; x_wconf 78' lang='grc' dir='ltr'>Λαμψακηνῶν</span> <span class='ocrx_word' id='word_1_21' title='bbox 390 390 484 415; x_wconf 79' lang='lat' dir='ltr'><strong>vero</strong></span> <span class='ocrx_word' id='word_1_22' title='bbox 507 374 555 412; x_wconf 87' lang='lat' dir='ltr'><strong>ab</strong></span> <span class='ocrx_word' id='word_1_23' title='bbox 578 373 662 422; x_wconf 88' lang='lat' dir='ltr'><strong>ipso</strong></span> <span class='ocrx_word' id='word_1_24' title='bbox 679 367 795 407; x_wconf 86' lang='lat' dir='ltr'><strong>Suida</strong></span> <span class='ocrx_word' id='word_1_25' title='bbox 817 372 860 402; x_wconf 90' lang='lat' dir='ltr'><strong>ut</strong></span> <span class='ocrx_word' id='word_1_26' title='bbox 879 362 1031 400; x_wconf 88' lang='lat' dir='ltr'><strong>videtur</strong></span> <span class='ocrx_word' id='word_1_27' title='bbox 1051 372 1136 396; x_wconf 91' lang='lat' dir='ltr'><strong>cor-</strong></span> 
     </span>
     <span class='ocr_line' id='line_1_5' title="bbox 115 417 1138 492; baseline -0.026 -12"><span class='ocrx_word' id='word_1_28' title='bbox 115 449 271 492; x_wconf 84' lang='lat' dir='ltr'><strong>ruptum</strong></span> <span class='ocrx_word' id='word_1_29' title='bbox 296 450 376 476; x_wconf 86' lang='lat' dir='ltr'><strong>esse</strong></span> <span class='ocrx_word' id='word_1_30' title='bbox 414 448 460 472; x_wconf 91' lang='lat' dir='ltr'><strong>ex</strong></span> <span class='ocrx_word' id='word_1_31' title='bbox 489 425 792 478; x_wconf 84' lang='grc' dir='ltr'>Λακεδαιμονίων,</span> <span class='ocrx_word' id='word_1_32' title='bbox 816 419 1011 475; x_wconf 83' lang='grc' dir='ltr'>Πρυτάνεις</span> <span class='ocrx_word' id='word_1_33' title='bbox 1030 417 1138 455; x_wconf 87' lang='lat' dir='ltr'><strong>deni-</strong></span> 
     </span>
     <span class='ocr_line' id='line_1_6' title="bbox 117 476 1138 550; baseline -0.024 -13"><span class='ocrx_word' id='word_1_34' title='bbox 117 512 192 550; x_wconf 89' lang='lat' dir='ltr'><strong>que</strong></span> <span class='ocrx_word' id='word_1_35' title='bbox 213 498 328 538; x_wconf 85' lang='lat' dir='ltr'><strong>alium</strong></span> <span class='ocrx_word' id='word_1_36' title='bbox 342 494 492 532; x_wconf 89' lang='lat' dir='ltr'><strong>titulum</strong></span> <span class='ocrx_word' id='word_1_37' title='bbox 509 488 677 540; x_wconf 89' lang='lat' dir='ltr'><strong>ejusdem</strong></span> <span class='ocrx_word' id='word_1_38' title='bbox 691 482 822 535; x_wconf 88' lang='lat' dir='ltr'><strong>operis</strong></span> <span class='ocrx_word' id='word_1_39' title='bbox 835 493 929 519; x_wconf 90' lang='lat' dir='ltr'><strong>esse.</strong></span> <span class='ocrx_word' id='word_1_40' title='bbox 951 482 1043 517; x_wconf 88' lang='lat' dir='ltr'>Post</span> <span class='ocrx_word' id='word_1_41' title='bbox 1057 476 1138 514; x_wconf 88' lang='lat' dir='ltr'><strong>haee</strong></span> 
     </span>
     <span class='ocr_line' id='line_1_7' title="bbox 118 539 1139 602; baseline -0.025 -5"><span class='ocrx_word' id='word_1_42' title='bbox 118 562 381 596; x_wconf 79' lang='lat' dir='ltr'>memorantur</span> <span class='ocrx_word' id='word_1_43' title='bbox 398 549 477 602; x_wconf 78' lang='grc' dir='ltr'>περὶ</span> <span class='ocrx_word' id='word_1_44' title='bbox 491 544 690 599; x_wconf 82' lang='grc' dir='ltr'>Λαμψάκου</span> <span class='ocrx_word' id='word_1_45' title='bbox 710 540 759 595; x_wconf 86' lang='grc' dir='ltr'><strong>β’,</strong></span> <span class='ocrx_word' id='word_1_46' title='bbox 774 549 813 579; x_wconf 87' lang='lat' dir='ltr'><strong>et</strong></span> <span class='ocrx_word' id='word_1_47' title='bbox 833 540 873 578; x_wconf 89' lang='lat' dir='ltr'><strong>in</strong></span> <span class='ocrx_word' id='word_1_48' title='bbox 893 539 1011 576; x_wconf 86' lang='lat' dir='ltr'><strong>altera</strong></span> <span class='ocrx_word' id='word_1_49' title='bbox 1032 543 1139 586; x_wconf 85' lang='lat' dir='ltr'><strong>parte</strong></span> 
     </span>
     <span class='ocr_line' id='line_1_8' title="bbox 119 597 1140 660; baseline -0.025 -5"><span class='ocrx_word' id='word_1_50' title='bbox 119 615 259 656; x_wconf 87' lang='grc' dir='ltr'>Κτίσεις</span> <span class='ocrx_word' id='word_1_51' title='bbox 278 610 410 650; x_wconf 88' lang='grc' dir='ltr'>πόλεων</span> <span class='ocrx_word' id='word_1_52' title='bbox 425 609 465 660; x_wconf 75' lang='grc' dir='ltr'><strong>β’.</strong></span> <span class='ocrx_word' id='word_1_53' title='bbox 487 605 606 644; x_wconf 85' lang='lat' dir='ltr'>Tituli</span> <span class='ocrx_word' id='word_1_54' title='bbox 627 602 831 642; x_wconf 79' lang='lat' dir='ltr'><strong>differunt,</strong></span> <span class='ocrx_word' id='word_1_55' title='bbox 852 597 1042 635; x_wconf 91' lang='lat' dir='ltr'><strong>librorum</strong></span> <span class='ocrx_word' id='word_1_56' title='bbox 1065 607 1140 631; x_wconf 89' lang='lat' dir='ltr'><strong>nu-</strong></span> 
     </span>
     <span class='ocr_line' id='line_1_9' title="bbox 120 653 1140 712; baseline -0.024 0"><span class='ocrx_word' id='word_1_57' title='bbox 120 686 246 712; x_wconf 89' lang='lat' dir='ltr'><strong>merus</strong></span> <span class='ocrx_word' id='word_1_58' title='bbox 269 679 324 709; x_wconf 86' lang='lat' dir='ltr'><strong>est</strong></span> <span class='ocrx_word' id='word_1_59' title='bbox 345 669 458 706; x_wconf 89' lang='lat' dir='ltr'><strong>idem.</strong></span> <span class='ocrx_word' id='word_1_60' title='bbox 483 668 569 703; x_wconf 87' lang='lat' dir='ltr'><strong>Jam</strong></span> <span class='ocrx_word' id='word_1_61' title='bbox 589 663 620 701; x_wconf 86' lang='lat' dir='ltr'><strong>si</strong></span> <span class='ocrx_word' id='word_1_62' title='bbox 638 658 901 700; x_wconf 81' lang='lat' dir='ltr'><strong>antecedentia</strong></span> <span class='ocrx_word' id='word_1_63' title='bbox 927 662 1031 693; x_wconf 91' lang='lat' dir='ltr'><strong>recte</strong></span> <span class='ocrx_word' id='word_1_64' title='bbox 1065 653 1140 690; x_wconf 90' lang='lat' dir='ltr'><strong>dis-</strong></span> 
     </span>
     <span class='ocr_line' id='line_1_10' title="bbox 120 711 1144 784; baseline -0.022 -14"><span class='ocrx_word' id='word_1_65' title='bbox 120 731 249 784; x_wconf 80' lang='lat' dir='ltr'>putavi</span> <span class='ocrx_word' id='word_1_66' title='bbox 265 758 275 775; x_wconf 92' lang='lat'><strong>,</strong></span> <span class='ocrx_word' id='word_1_67' title='bbox 298 728 354 765; x_wconf 91' lang='lat' dir='ltr'><strong>vel</strong></span> <span class='ocrx_word' id='word_1_68' title='bbox 372 725 459 763; x_wconf 85' lang='lat' dir='ltr'><strong>inde</strong></span> <span class='ocrx_word' id='word_1_69' title='bbox 477 721 678 774; x_wconf 78' lang='lat' dir='ltr'>probabile</span> <span class='ocrx_word' id='word_1_70' title='bbox 694 719 755 764; x_wconf 86' lang='lat' dir='ltr'><strong>fit,</strong></span> <span class='ocrx_word' id='word_1_71' title='bbox 770 716 828 754; x_wconf 90' lang='lat' dir='ltr'><strong>his</strong></span> <span class='ocrx_word' id='word_1_72' title='bbox 846 726 1002 766; x_wconf 86' lang='lat' dir='ltr'><strong>quoque</strong></span> <span class='ocrx_word' id='word_1_73' title='bbox 1023 711 1144 749; x_wconf 89' lang='lat' dir='ltr'><strong>titulis</strong></span> 
     </span>
     <span class='ocr_line' id='line_1_11' title="bbox 120 770 1142 834; baseline -0.022 -6"><span class='ocrx_word' id='word_1_74' title='bbox 120 802 238 829; x_wconf 89' lang='lat' dir='ltr'><strong>unum</strong></span> <span class='ocrx_word' id='word_1_75' title='bbox 257 785 401 824; x_wconf 88' lang='lat' dir='ltr'><strong>laudari</strong></span> <span class='ocrx_word' id='word_1_76' title='bbox 419 796 517 834; x_wconf 90' lang='lat' dir='ltr'><strong>opus</strong></span> <span class='ocrx_word' id='word_1_77' title='bbox 530 781 721 830; x_wconf 88' lang='lat' dir='ltr'><strong>idemque.</strong></span> <span class='ocrx_word' id='word_1_78' title='bbox 747 778 825 815; x_wconf 90' lang='lat' dir='ltr'><strong>Nec</strong></span> <span class='ocrx_word' id='word_1_79' title='bbox 851 774 891 811; x_wconf 91' lang='lat' dir='ltr'><strong>id</strong></span> <span class='ocrx_word' id='word_1_80' title='bbox 913 787 935 811; x_wconf 89' lang='lat' dir='ltr'><strong>a</strong></span> <span class='ocrx_word' id='word_1_81' title='bbox 955 784 1048 810; x_wconf 85' lang='lat' dir='ltr'><strong>vero</strong></span> <span class='ocrx_word' id='word_1_82' title='bbox 1069 770 1142 808; x_wconf 89' lang='lat' dir='ltr'><strong>ab-</strong></span> 
     </span>
     <span class='ocr_line' id='line_1_12' title="bbox 120 829 1146 890; baseline -0.02 -4"><span class='ocrx_word' id='word_1_83' title='bbox 120 851 261 887; x_wconf 88' lang='lat' dir='ltr'><strong>horret.</strong></span> <span class='ocrx_word' id='word_1_84' title='bbox 286 844 417 883; x_wconf 85' lang='lat' dir='ltr'>Voluit</span> <span class='ocrx_word' id='word_1_85' title='bbox 430 843 600 890; x_wconf 83' lang='lat' dir='ltr'>Charon,</span> <span class='ocrx_word' id='word_1_86' title='bbox 614 839 668 876; x_wconf 88' lang='lat' dir='ltr'><strong>ita</strong></span> <span class='ocrx_word' id='word_1_87' title='bbox 686 837 787 875; x_wconf 91' lang='lat' dir='ltr'><strong>enim</strong></span> <span class='ocrx_word' id='word_1_88' title='bbox 803 833 996 878; x_wconf 86' lang='lat' dir='ltr'><strong>existimo,</strong></span> <span class='ocrx_word' id='word_1_89' title='bbox 1012 829 1146 881; x_wconf 88' lang='lat' dir='ltr'><strong>patriae</strong></span> 
     </span>
    </p>
   </div>
   <div class='ocr_carea' id='block_1_4' title="bbox 67 887 1149 948">
    <p class='ocr_par' dir='ltr' id='par_1_4' title="bbox 67 887 1149 948">
     <span class='ocr_line' id='line_1_13' title="bbox 67 887 1149 948; baseline -0.021 -2"><span class='ocrx_word' id='word_1_90' title='bbox 67 935 69 937; x_wconf 94' lang='lat'>-</span> <span class='ocrx_word' id='word_1_91' title='bbox 122 906 287 945; x_wconf 91' lang='lat' dir='ltr'><strong>condere</strong></span> <span class='ocrx_word' id='word_1_92' title='bbox 299 902 513 941; x_wconf 86' lang='lat' dir='ltr'>historiam.</span> <span class='ocrx_word' id='word_1_93' title='bbox 531 899 603 938; x_wconf 93' lang='lat' dir='ltr'><strong>Sed</strong></span> <span class='ocrx_word' id='word_1_94' title='bbox 617 896 812 948; x_wconf 85' lang='lat' dir='ltr'><strong>quoniam,</strong></span> <span class='ocrx_word' id='word_1_95' title='bbox 827 901 870 931; x_wconf 84' lang='lat' dir='ltr'><strong>ut</strong></span> <span class='ocrx_word' id='word_1_96' title='bbox 881 892 954 929; x_wconf 89' lang='lat' dir='ltr'><strong>rite</strong></span> <span class='ocrx_word' id='word_1_97' title='bbox 970 887 1149 940; x_wconf 85' lang='lat' dir='ltr'><strong>proposi-</strong></span> 
     </span>
    </p>
   </div>
   <div class='ocr_carea' id='block_1_5' title="bbox 124 949 1202 3253">
    <p class='ocr_par' dir='ltr' id='par_1_5' title="bbox 124 949 1187 2608">
     <span class='ocr_line' id='line_1_14' title="bbox 125 949 1148 1012; baseline -0.021 -8"><span class='ocrx_word' id='word_1_98' title='bbox 125 975 206 1004; x_wconf 89' lang='lat' dir='ltr'><strong>tum</strong></span> <span class='ocrx_word' id='word_1_99' title='bbox 223 969 510 1012; x_wconf 83' lang='lat' dir='ltr'><strong>exsequeretur,</strong></span> <span class='ocrx_word' id='word_1_100' title='bbox 532 958 578 996; x_wconf 88' lang='lat' dir='ltr'><strong>de</strong></span> <span class='ocrx_word' id='word_1_101' title='bbox 592 955 746 1008; x_wconf 88' lang='lat' dir='ltr'><strong>populis</strong></span> <span class='ocrx_word' id='word_1_102' title='bbox 765 954 856 1001; x_wconf 88' lang='lat' dir='ltr'><strong>illis,</strong></span> <span class='ocrx_word' id='word_1_103' title='bbox 872 951 938 1002; x_wconf 89' lang='lat' dir='ltr'><strong>qui</strong></span> <span class='ocrx_word' id='word_1_104' title='bbox 953 949 1148 998; x_wconf 86' lang='lat' dir='ltr'><strong>antiquam</strong></span> 
     </span>
     <span class='ocr_line' id='line_1_15' title="bbox 124 1012 1151 1074; baseline -0.019 -12"><span class='ocrx_word' id='word_1_105' title='bbox 124 1025 345 1074; x_wconf 83' lang='lat' dir='ltr'><strong>Pithyusam</strong></span> <span class='ocrx_word' id='word_1_106' title='bbox 360 1020 495 1058; x_wconf 91' lang='lat' dir='ltr'><strong>urbem</strong></span> <span class='ocrx_word' id='word_1_107' title='bbox 514 1026 552 1056; x_wconf 90' lang='lat' dir='ltr'><strong>et</strong></span> <span class='ocrx_word' id='word_1_108' title='bbox 568 1015 792 1065; x_wconf 86' lang='lat' dir='ltr'><strong>Bebryciam</strong></span> <span class='ocrx_word' id='word_1_109' title='bbox 806 1012 1002 1062; x_wconf 80' lang='lat' dir='ltr'><strong>regionem</strong></span> <span class='ocrx_word' id='word_1_110' title='bbox 1016 1016 1079 1044; x_wconf 87' lang='lat' dir='ltr'><strong>ten</strong></span> <span class='ocrx_word' id='word_1_111' title='bbox 1086 1018 1151 1043; x_wconf 90' lang='lat' dir='ltr'><strong>ue-</strong></span> 
     </span>
     <span class='ocr_line' id='line_1_16' title="bbox 126 1070 1151 1131; baseline -0.02 -10"><span class='ocrx_word' id='word_1_112' title='bbox 126 1091 211 1122; x_wconf 86' lang='lat' dir='ltr'><strong>rant</strong></span> <span class='ocrx_word' id='word_1_113' title='bbox 222 1093 368 1131; x_wconf 89' lang='lat' dir='ltr'><strong>,sermo</strong></span> <span class='ocrx_word' id='word_1_114' title='bbox 379 1077 638 1116; x_wconf 90' lang='lat' dir='ltr'><strong>instituendus</strong></span> <span class='ocrx_word' id='word_1_115' title='bbox 654 1082 748 1121; x_wconf 91' lang='lat' dir='ltr'><strong>erat,</strong></span> <span class='ocrx_word' id='word_1_116' title='bbox 768 1070 906 1109; x_wconf 89' lang='lat' dir='ltr'><strong>deinde</strong></span> <span class='ocrx_word' id='word_1_117' title='bbox 923 1073 1151 1110; x_wconf 87' lang='lat' dir='ltr'><strong>vero‚ante-</strong></span> 
     </span>
     <span class='ocr_line' id='line_1_17' title="bbox 127 1124 1153 1193; baseline -0.02 -13"><span class='ocrx_word' id='word_1_118' title='bbox 127 1155 241 1193; x_wconf 91' lang='lat' dir='ltr'><strong>quam</strong></span> <span class='ocrx_word' id='word_1_119' title='bbox 249 1140 294 1178; x_wconf 88' lang='lat' dir='ltr'><strong>ad</strong></span> <span class='ocrx_word' id='word_1_120' title='bbox 305 1139 554 1189; x_wconf 84' lang='lat' dir='ltr'>Lampsacum</span> <span class='ocrx_word' id='word_1_121' title='bbox 563 1133 737 1173; x_wconf 88' lang='lat' dir='ltr'><strong>aNelidis</strong></span> <span class='ocrx_word' id='word_1_122' title='bbox 746 1129 938 1170; x_wconf 89' lang='lat' dir='ltr'><strong>conditam</strong></span> <span class='ocrx_word' id='word_1_123' title='bbox 947 1124 1153 1170; x_wconf 87' lang='lat' dir='ltr'><strong>deveniret,</strong></span> 
     </span>
     <span class='ocr_line' id='line_1_18' title="bbox 128 1182 1156 1243; baseline -0.02 -4"><span class='ocrx_word' id='word_1_124' title='bbox 128 1202 175 1238; x_wconf 91' lang='lat' dir='ltr'><strong>de</strong></span> <span class='ocrx_word' id='word_1_125' title='bbox 186 1199 321 1238; x_wconf 81' lang='lat' dir='ltr'><strong>ceteris</strong></span> <span class='ocrx_word' id='word_1_126' title='bbox 332 1196 471 1236; x_wconf 87' lang='lat' dir='ltr'><strong>Ionicis</strong></span> <span class='ocrx_word' id='word_1_127' title='bbox 480 1193 653 1243; x_wconf 89' lang='lat' dir='ltr'><strong>coloniis,</strong></span> <span class='ocrx_word' id='word_1_128' title='bbox 666 1186 954 1242; x_wconf 88' lang='lat' dir='ltr'><strong>quaeLampsaci</strong></span> <span class='ocrx_word' id='word_1_129' title='bbox 966 1182 1156 1222; x_wconf 88' lang='lat' dir='ltr'><strong>fundatio-</strong></span> 
     </span>
     <span class='ocr_line' id='line_1_19' title="bbox 130 1246 1158 1305; baseline -0.019 -8"><span class='ocrx_word' id='word_1_130' title='bbox 130 1272 223 1296; x_wconf 88' lang='lat' dir='ltr'><strong>nem</strong></span> <span class='ocrx_word' id='word_1_131' title='bbox 236 1257 326 1295; x_wconf 85' lang='lat' dir='ltr'><strong>satis</strong></span> <span class='ocrx_word' id='word_1_132' title='bbox 341 1257 455 1305; x_wconf 84' lang='lat' dir='ltr'><strong>longe</strong></span> <span class='ocrx_word' id='word_1_133' title='bbox 475 1258 771 1294; x_wconf 89' lang='lat' dir='ltr'><strong>antecesserunt,</strong></span> <span class='ocrx_word' id='word_1_134' title='bbox 795 1246 906 1285; x_wconf 88' lang='lat' dir='ltr'><strong>simul</strong></span> <span class='ocrx_word' id='word_1_135' title='bbox 926 1256 1029 1290; x_wconf 88' lang='lat' dir='ltr'><strong>vero,</strong></span> <span class='ocrx_word' id='word_1_136' title='bbox 1052 1249 1095 1279; x_wconf 94' lang='lat' dir='ltr'><strong>ut</strong></span> <span class='ocrx_word' id='word_1_137' title='bbox 1110 1253 1158 1278; x_wconf 76' lang='lat' dir='ltr'><strong>ex</strong></span> 
     </span>
     <span class='ocr_line' id='line_1_20' title="bbox 130 1306 1156 1362; baseline -0.02 -6"><span class='ocrx_word' id='word_1_138' title='bbox 130 1317 330 1362; x_wconf 80' lang='lat' dir='ltr'><strong>Pausania,</strong></span> <span class='ocrx_word' id='word_1_139' title='bbox 345 1313 550 1362; x_wconf 81' lang='lat' dir='ltr'><strong>Strabone,</strong></span> <span class='ocrx_word' id='word_1_140' title='bbox 565 1308 730 1348; x_wconf 90' lang='lat' dir='ltr'><strong>Eusebio</strong></span> <span class='ocrx_word' id='word_1_141' title='bbox 746 1306 939 1351; x_wconf 86' lang='lat' dir='ltr'><strong>discimus,</strong></span> <span class='ocrx_word' id='word_1_142' title='bbox 952 1309 1054 1339; x_wconf 89' lang='lat' dir='ltr'><strong>arcte</strong></span> <span class='ocrx_word' id='word_1_143' title='bbox 1071 1312 1156 1337; x_wconf 91' lang='lat' dir='ltr'><strong>cum</strong></span> 
     </span>
     <span class='ocr_line' id='line_1_21' title="bbox 132 1362 1159 1423; baseline -0.019 -8"><span class='ocrx_word' id='word_1_144' title='bbox 132 1378 197 1415; x_wconf 86' lang='lat' dir='ltr'><strong>illa</strong></span> <span class='ocrx_word' id='word_1_145' title='bbox 216 1383 324 1414; x_wconf 88' lang='lat' dir='ltr'><strong>erant</strong></span> <span class='ocrx_word' id='word_1_146' title='bbox 338 1373 564 1423; x_wconf 79' lang='lat' dir='ltr'><strong>conjunctae,</strong></span> <span class='ocrx_word' id='word_1_147' title='bbox 582 1366 853 1419; x_wconf 86' lang='lat' dir='ltr'><strong>exponendum</strong></span> <span class='ocrx_word' id='word_1_148' title='bbox 867 1370 962 1408; x_wconf 87' lang='lat' dir='ltr'><strong>erat;</strong></span> <span class='ocrx_word' id='word_1_149' title='bbox 977 1362 1159 1411; x_wconf 88' lang='lat' dir='ltr'><strong>quoniam</strong></span> 
     </span>
     <span class='ocr_line' id='line_1_22' title="bbox 134 1419 1160 1484; baseline -0.018 -11"><span class='ocrx_word' id='word_1_150' title='bbox 134 1435 320 1484; x_wconf 88' lang='lat' dir='ltr'><strong>denique,</strong></span> <span class='ocrx_word' id='word_1_151' title='bbox 346 1440 389 1469; x_wconf 91' lang='lat' dir='ltr'><strong>ut</strong></span> <span class='ocrx_word' id='word_1_152' title='bbox 410 1444 455 1468; x_wconf 89' lang='lat' dir='ltr'><strong>ex</strong></span> <span class='ocrx_word' id='word_1_153' title='bbox 477 1429 571 1480; x_wconf 87' lang='lat' dir='ltr'><strong>ipsis</strong></span> <span class='ocrx_word' id='word_1_154' title='bbox 608 1425 828 1476; x_wconf 81' lang='lat' dir='ltr'><strong>fragmentis</strong></span> <span class='ocrx_word' id='word_1_155' title='bbox 856 1422 1022 1467; x_wconf 89' lang='lat' dir='ltr'><strong>eruitur,</strong></span> <span class='ocrx_word' id='word_1_156' title='bbox 1046 1419 1160 1456; x_wconf 85' lang='lat' dir='ltr'><strong>etiam</strong></span> 
     </span>
     <span class='ocr_line' id='line_1_23' title="bbox 136 1478 1161 1545; baseline -0.018 -13"><span class='ocrx_word' id='word_1_157' title='bbox 136 1501 269 1545; x_wconf 89' lang='lat' dir='ltr'><strong>postea</strong></span> <span class='ocrx_word' id='word_1_158' title='bbox 278 1492 325 1529; x_wconf 95' lang='lat' dir='ltr'><strong>de</strong></span> <span class='ocrx_word' id='word_1_159' title='bbox 335 1489 508 1527; x_wconf 84' lang='lat' dir='ltr'><strong>finitimis</strong></span> <span class='ocrx_word' id='word_1_160' title='bbox 528 1485 703 1524; x_wconf 88' lang='lat' dir='ltr'><strong>Thraciae</strong></span> <span class='ocrx_word' id='word_1_161' title='bbox 718 1482 873 1535; x_wconf 89' lang='lat' dir='ltr'><strong>populis</strong></span> <span class='ocrx_word' id='word_1_162' title='bbox 887 1482 999 1532; x_wconf 88' lang='lat' dir='ltr'><strong>plura</strong></span> <span class='ocrx_word' id='word_1_163' title='bbox 1009 1478 1161 1517; x_wconf 84' lang='lat' dir='ltr'><strong>Charon</strong></span> 
     </span>
     <span class='ocr_line' id='line_1_24' title="bbox 138 1540 1164 1602; baseline -0.017 -11"><span class='ocrx_word' id='word_1_164' title='bbox 138 1553 282 1602; x_wconf 87' lang='lat' dir='ltr'><strong>retulit,</strong></span> <span class='ocrx_word' id='word_1_165' title='bbox 314 1561 437 1599; x_wconf 90' lang='lat' dir='ltr'><strong>neque</strong></span> <span class='ocrx_word' id='word_1_166' title='bbox 466 1551 816 1596; x_wconf 86' lang='lat' dir='ltr'><strong>Lampsacenorum</strong></span> <span class='ocrx_word' id='word_1_167' title='bbox 850 1540 1021 1579; x_wconf 88' lang='lat' dir='ltr'><strong>colonias</strong></span> <span class='ocrx_word' id='word_1_168' title='bbox 1050 1546 1164 1588; x_wconf 91' lang='lat' dir='ltr'><strong>atque</strong></span> 
     </span>
     <span class='ocr_line' id='line_1_25' title="bbox 139 1597 1166 1664; baseline -0.016 -14"><span class='ocrx_word' id='word_1_169' title='bbox 139 1611 282 1664; x_wconf 86' lang='lat' dir='ltr'><strong>oppida</strong></span> <span class='ocrx_word' id='word_1_170' title='bbox 302 1621 435 1646; x_wconf 90' lang='lat' dir='ltr'><strong>eorum</strong></span> <span class='ocrx_word' id='word_1_171' title='bbox 451 1604 587 1643; x_wconf 88' lang='lat' dir='ltr'><strong>ditioni</strong></span> <span class='ocrx_word' id='word_1_172' title='bbox 600 1602 773 1653; x_wconf 89' lang='lat' dir='ltr'><strong>subjecta</strong></span> <span class='ocrx_word' id='word_1_173' title='bbox 792 1599 945 1639; x_wconf 91' lang='lat' dir='ltr'><strong>silentio</strong></span> <span class='ocrx_word' id='word_1_174' title='bbox 968 1597 1166 1649; x_wconf 82' lang='lat' dir='ltr'><strong>praeterire</strong></span> 
     </span>
     <span class='ocr_line' id='line_1_26' title="bbox 139 1658 1165 1724; baseline -0.017 -15"><span class='ocrx_word' id='word_1_175' title='bbox 139 1677 312 1724; x_wconf 82' lang='lat' dir='ltr'><strong>poterat3</strong></span> <span class='ocrx_word' id='word_1_176' title='bbox 330 1667 439 1705; x_wconf 86' lang='lat' dir='ltr'><strong>facile</strong></span> <span class='ocrx_word' id='word_1_177' title='bbox 454 1662 682 1712; x_wconf 80' lang='lat' dir='ltr'><strong>intelligitur</strong></span> <span class='ocrx_word' id='word_1_178' title='bbox 697 1659 891 1710; x_wconf 89' lang='lat' dir='ltr'><strong>quomodo</strong></span> <span class='ocrx_word' id='word_1_179' title='bbox 902 1658 1165 1708; x_wconf 86' lang='lat' dir='ltr'><strong>aliquis,prae—</strong></span> 
     </span>
     <span class='ocr_line' id='line_1_27' title="bbox 142 1717 1167 1777; baseline -0.018 -8"><span class='ocrx_word' id='word_1_180' title='bbox 142 1730 273 1770; x_wconf 92' lang='lat' dir='ltr'><strong>sertim</strong></span> <span class='ocrx_word' id='word_1_181' title='bbox 282 1729 312 1765; x_wconf 88' lang='lat' dir='ltr'><strong>si</strong></span> <span class='ocrx_word' id='word_1_182' title='bbox 321 1727 367 1765; x_wconf 83' lang='lat' dir='ltr'><strong>ad</strong></span> <span class='ocrx_word' id='word_1_183' title='bbox 377 1726 543 1777; x_wconf 85' lang='lat' dir='ltr'><strong>priorem</strong></span> <span class='ocrx_word' id='word_1_184' title='bbox 551 1721 642 1759; x_wconf 88' lang='lat' dir='ltr'><strong>libri</strong></span> <span class='ocrx_word' id='word_1_185' title='bbox 650 1728 797 1772; x_wconf 89' lang='lat' dir='ltr'><strong>partem</strong></span> <span class='ocrx_word' id='word_1_186' title='bbox 808 1717 1032 1769; x_wconf 84' lang='lat' dir='ltr'><strong>respexerit,</strong></span> <span class='ocrx_word' id='word_1_187' title='bbox 1044 1724 1167 1752; x_wconf 90' lang='lat' dir='ltr'><strong>totum</strong></span> 
     </span>
     <span class='ocr_line' id='line_1_28' title="bbox 143 1775 1169 1842; baseline -0.018 -14"><span class='ocrx_word' id='word_1_188' title='bbox 143 1802 241 1842; x_wconf 90' lang='lat' dir='ltr'><strong>opus</strong></span> <span class='ocrx_word' id='word_1_189' title='bbox 255 1782 450 1838; x_wconf 87' lang='lat' dir='ltr'><strong>appellare</strong></span> <span class='ocrx_word' id='word_1_190' title='bbox 463 1781 634 1834; x_wconf 89' lang='lat' dir='ltr'><strong>potuerit</strong></span> <span class='ocrx_word' id='word_1_191' title='bbox 646 1778 774 1821; x_wconf 82' lang='grc' dir='ltr'>κτίσεις</span> <span class='ocrx_word' id='word_1_192' title='bbox 786 1776 935 1816; x_wconf 81' lang='grc' dir='ltr'>πόλεων.</span> <span class='ocrx_word' id='word_1_193' title='bbox 954 1775 1029 1814; x_wconf 92' lang='lat' dir='ltr'><strong>Sed</strong></span> <span class='ocrx_word' id='word_1_194' title='bbox 1043 1786 1169 1824; x_wconf 90' lang='lat' dir='ltr'><strong>neque</strong></span> 
     </span>
     <span class='ocr_line' id='line_1_29' title="bbox 144 1832 1171 1902; baseline -0.018 -15"><span class='ocrx_word' id='word_1_195' title='bbox 144 1849 223 1902; x_wconf 74' lang='grc' dir='ltr'>περὶ</span> <span class='ocrx_word' id='word_1_196' title='bbox 249 1844 448 1898; x_wconf 77' lang='grc' dir='ltr'>Λαμψάκου</span> <span class='ocrx_word' id='word_1_197' title='bbox 477 1853 602 1891; x_wconf 88' lang='lat' dir='ltr'><strong>neque</strong></span> <span class='ocrx_word' id='word_1_198' title='bbox 631 1837 760 1879; x_wconf 84' lang='grc' dir='ltr'>κτίσεις</span> <span class='ocrx_word' id='word_1_199' title='bbox 788 1835 924 1875; x_wconf 85' lang='grc' dir='ltr'>πόλεων</span> <span class='ocrx_word' id='word_1_200' title='bbox 950 1847 1062 1872; x_wconf 91' lang='lat' dir='ltr'><strong>verus</strong></span> <span class='ocrx_word' id='word_1_201' title='bbox 1080 1832 1171 1870; x_wconf 90' lang='lat' dir='ltr'><strong>libri</strong></span> 
     </span>
     <span class='ocr_line' id='line_1_30' title="bbox 144 1891 1171 1946; baseline -0.019 1"><span class='ocrx_word' id='word_1_202' title='bbox 144 1908 262 1946; x_wconf 80' lang='lat' dir='ltr'><strong>index</strong></span> <span class='ocrx_word' id='word_1_203' title='bbox 283 1906 400 1943; x_wconf 83' lang='lat' dir='ltr'><strong>fuisse</strong></span> <span class='ocrx_word' id='word_1_204' title='bbox 414 1900 578 1939; x_wconf 87' lang='lat' dir='ltr'><strong>videtur.</strong></span> <span class='ocrx_word' id='word_1_205' title='bbox 600 1901 658 1934; x_wconf 85' lang='lat' dir='ltr'><strong>Ex</strong></span> <span class='ocrx_word' id='word_1_206' title='bbox 677 1909 783 1934; x_wconf 88' lang='lat' dir='ltr'><strong>more</strong></span> <span class='ocrx_word' id='word_1_207' title='bbox 805 1895 1040 1945; x_wconf 88' lang='lat' dir='ltr'><strong>scriptorum</strong></span> <span class='ocrx_word' id='word_1_208' title='bbox 1060 1891 1171 1929; x_wconf 82' lang='lat' dir='ltr'><strong>Ioni-</strong></span> 
     </span>
     <span class='ocr_line' id='line_1_31' title="bbox 147 1951 1174 2006; baseline -0.019 0"><span class='ocrx_word' id='word_1_209' title='bbox 147 1979 280 2005; x_wconf 86' lang='lat' dir='ltr'><strong>corum</strong></span> <span class='ocrx_word' id='word_1_210' title='bbox 301 1973 338 2002; x_wconf 89' lang='lat' dir='ltr'><strong>et</strong></span> <span class='ocrx_word' id='word_1_211' title='bbox 355 1962 402 2000; x_wconf 89' lang='lat' dir='ltr'><strong>ad</strong></span> <span class='ocrx_word' id='word_1_212' title='bbox 416 1956 704 1998; x_wconf 83' lang='lat' dir='ltr'><strong>similitudinem</strong></span> <span class='ocrx_word' id='word_1_213' title='bbox 722 1954 851 2006; x_wconf 86' lang='lat' dir='ltr'><strong>operis</strong></span> <span class='ocrx_word' id='word_1_214' title='bbox 865 1954 912 1990; x_wconf 90' lang='lat' dir='ltr'><strong>de</strong></span> <span class='ocrx_word' id='word_1_215' title='bbox 926 1951 1174 1990; x_wconf 81' lang='lat' dir='ltr'><strong>Lacedaemo-</strong></span> 
     </span>
     <span class='ocr_line' id='line_1_32' title="bbox 147 2006 1173 2071; baseline -0.018 -7"><span class='ocrx_word' id='word_1_216' title='bbox 147 2026 245 2070; x_wconf 88' lang='lat' dir='ltr'><strong>niis,</strong></span> <span class='ocrx_word' id='word_1_217' title='bbox 269 2024 343 2060; x_wconf 90' lang='lat' dir='ltr'><strong>hoc</strong></span> <span class='ocrx_word' id='word_1_218' title='bbox 365 2031 520 2071; x_wconf 89' lang='lat' dir='ltr'><strong>quoque</strong></span> <span class='ocrx_word' id='word_1_219' title='bbox 539 2013 761 2064; x_wconf 85' lang='lat' dir='ltr'><strong>inscripsit:</strong></span> <span class='ocrx_word' id='word_1_220' title='bbox 783 2006 886 2066; x_wconf 76' lang='grc' dir='ltr'>Ὧραι</span> <span class='ocrx_word' id='word_1_221' title='bbox 904 2010 1173 2063; x_wconf 82' lang='grc' dir='ltr'>Λαμψακηνῶν.</span> 
     </span>
     <span class='ocr_line' id='line_1_33' title="bbox 149 2068 1177 2127; baseline -0.018 -4"><span class='ocrx_word' id='word_1_222' title='bbox 149 2089 246 2124; x_wconf 83' lang='lat' dir='ltr'><strong>Rem</strong></span> <span class='ocrx_word' id='word_1_223' title='bbox 268 2083 320 2120; x_wconf 83' lang='lat' dir='ltr'><strong>ita</strong></span> <span class='ocrx_word' id='word_1_224' title='bbox 338 2092 419 2118; x_wconf 86' lang='lat' dir='ltr'><strong>esse</strong></span> <span class='ocrx_word' id='word_1_225' title='bbox 439 2082 603 2127; x_wconf 89' lang='lat' dir='ltr'><strong>apparet</strong></span> <span class='ocrx_word' id='word_1_226' title='bbox 623 2087 671 2111; x_wconf 80' lang='lat' dir='ltr'><strong>ex</strong></span> <span class='ocrx_word' id='word_1_227' title='bbox 692 2072 739 2110; x_wconf 89' lang='lat' dir='ltr'><strong>fr.</strong></span> <span class='ocrx_word' id='word_1_228' title='bbox 765 2085 788 2121; x_wconf 92' lang='lat'>9</span> <span class='ocrx_word' id='word_1_229' title='bbox 801 2099 810 2116; x_wconf 95' lang='lat'>‚</span> <span class='ocrx_word' id='word_1_230' title='bbox 837 2070 905 2108; x_wconf 91' lang='lat' dir='ltr'><strong>ubi</strong></span> <span class='ocrx_word' id='word_1_231' title='bbox 927 2069 1033 2121; x_wconf 91' lang='lat' dir='ltr'><strong>quod</strong></span> <span class='ocrx_word' id='word_1_232' title='bbox 1054 2082 1103 2106; x_wconf 86' lang='lat' dir='ltr'><strong>ex</strong></span> <span class='ocrx_word' id='word_1_233' title='bbox 1123 2068 1177 2105; x_wconf 87' lang='lat' dir='ltr'><strong>al-</strong></span> 
     </span>
     <span class='ocr_line' id='line_1_34' title="bbox 151 2127 1179 2191; baseline -0.019 -8"><span class='ocrx_word' id='word_1_234' title='bbox 151 2154 233 2182; x_wconf 89' lang='lat' dir='ltr'><strong>tero</strong></span> <span class='ocrx_word' id='word_1_235' title='bbox 252 2142 354 2180; x_wconf 90' lang='lat' dir='ltr'><strong>libro</strong></span> <span class='ocrx_word' id='word_1_236' title='bbox 371 2137 470 2191; x_wconf 78' lang='grc' dir='ltr'>ὥρων</span> <span class='ocrx_word' id='word_1_237' title='bbox 493 2135 654 2172; x_wconf 87' lang='lat' dir='ltr'><strong>affertur</strong></span> <span class='ocrx_word' id='word_1_238' title='bbox 667 2161 677 2178; x_wconf 90' lang='lat'>‚</span> <span class='ocrx_word' id='word_1_239' title='bbox 707 2144 785 2168; x_wconf 94' lang='lat' dir='ltr'><strong>non</strong></span> <span class='ocrx_word' id='word_1_240' title='bbox 816 2130 944 2181; x_wconf 87' lang='lat' dir='ltr'><strong>potuit</strong></span> <span class='ocrx_word' id='word_1_241' title='bbox 964 2130 1093 2166; x_wconf 92' lang='lat' dir='ltr'><strong>locum</strong></span> <span class='ocrx_word' id='word_1_242' title='bbox 1110 2127 1179 2164; x_wconf 87' lang='lat' dir='ltr'><strong>ha-</strong></span> 
     </span>
     <span class='ocr_line' id='line_1_35' title="bbox 153 2185 1179 2242; baseline -0.019 0"><span class='ocrx_word' id='word_1_243' title='bbox 153 2204 244 2242; x_wconf 88' lang='lat' dir='ltr'><strong>bere</strong></span> <span class='ocrx_word' id='word_1_244' title='bbox 258 2203 297 2238; x_wconf 89' lang='lat' dir='ltr'><strong>in</strong></span> <span class='ocrx_word' id='word_1_245' title='bbox 312 2194 519 2236; x_wconf 68' lang='lat' dir='ltr'><strong>Annalibus</strong></span> <span class='ocrx_word' id='word_1_246' title='bbox 534 2189 930 2230; x_wconf 78' lang='lat' dir='ltr'><strong>Lacedaemoniorum.</strong></span> <span class='ocrx_word' id='word_1_247' title='bbox 952 2187 1042 2225; x_wconf 90' lang='lat' dir='ltr'><strong>Sine</strong></span> <span class='ocrx_word' id='word_1_248' title='bbox 1059 2185 1179 2223; x_wconf 88' lang='lat' dir='ltr'><strong>dubio</strong></span> 
     </span>
     <span class='ocr_line' id='line_1_36' title="bbox 154 2246 1181 2305; baseline -0.02 -4"><span class='ocrx_word' id='word_1_249' title='bbox 154 2261 289 2301; x_wconf 89' lang='lat' dir='ltr'><strong>Suidas</strong></span> <span class='ocrx_word' id='word_1_250' title='bbox 305 2259 408 2296; x_wconf 85' lang='lat' dir='ltr'><strong>hunc</strong></span> <span class='ocrx_word' id='word_1_251' title='bbox 426 2264 578 2305; x_wconf 89' lang='lat' dir='ltr'><strong>quoque</strong></span> <span class='ocrx_word' id='word_1_252' title='bbox 592 2250 746 2288; x_wconf 89' lang='lat' dir='ltr'><strong>titulum</strong></span> <span class='ocrx_word' id='word_1_253' title='bbox 761 2249 800 2285; x_wconf 91' lang='lat' dir='ltr'><strong>in</strong></span> <span class='ocrx_word' id='word_1_254' title='bbox 818 2247 991 2284; x_wconf 89' lang='lat' dir='ltr'><strong>fontibus</strong></span> <span class='ocrx_word' id='word_1_255' title='bbox 1006 2246 1083 2283; x_wconf 84' lang='lat' dir='ltr'><strong>suis</strong></span> <span class='ocrx_word' id='word_1_256' title='bbox 1100 2258 1181 2295; x_wconf 89' lang='lat' dir='ltr'><strong>rep-</strong></span> 
     </span>
     <span class='ocr_line' id='line_1_37' title="bbox 156 2307 1183 2375; baseline -0.019 -14"><span class='ocrx_word' id='word_1_257' title='bbox 156 2323 271 2375; x_wconf 86' lang='lat' dir='ltr'><strong>perit,</strong></span> <span class='ocrx_word' id='word_1_258' title='bbox 291 2319 357 2357; x_wconf 92' lang='lat' dir='ltr'><strong>sed</strong></span> <span class='ocrx_word' id='word_1_259' title='bbox 379 2328 497 2367; x_wconf 88' lang='lat' dir='ltr'><strong>quum</strong></span> <span class='ocrx_word' id='word_1_260' title='bbox 518 2313 613 2350; x_wconf 92' lang='lat' dir='ltr'><strong>duos</strong></span> <span class='ocrx_word' id='word_1_261' title='bbox 635 2310 754 2348; x_wconf 91' lang='lat' dir='ltr'><strong>libros</strong></span> <span class='ocrx_word' id='word_1_262' title='bbox 775 2309 958 2346; x_wconf 88' lang='lat' dir='ltr'><strong>inusitato</strong></span> <span class='ocrx_word' id='word_1_263' title='bbox 977 2307 1051 2344; x_wconf 91' lang='lat' dir='ltr'><strong>hoc</strong></span> <span class='ocrx_word' id='word_1_264' title='bbox 1067 2318 1183 2343; x_wconf 85' lang='lat' dir='ltr'><strong>voca-</strong></span> 
     </span>
     <span class='ocr_line' id='line_1_38' title="bbox 157 2365 1183 2425; baseline -0.019 -5"><span class='ocrx_word' id='word_1_265' title='bbox 157 2381 250 2419; x_wconf 91' lang='lat' dir='ltr'><strong>bulo</strong></span> <span class='ocrx_word' id='word_1_266' title='bbox 267 2376 470 2425; x_wconf 84' lang='lat' dir='ltr'><strong>inscriptos</strong></span> <span class='ocrx_word' id='word_1_267' title='bbox 490 2372 648 2417; x_wconf 88' lang='lat' dir='ltr'><strong>videret,</strong></span> <span class='ocrx_word' id='word_1_268' title='bbox 670 2370 832 2406; x_wconf 87' lang='lat' dir='ltr'><strong>alterum</strong></span> <span class='ocrx_word' id='word_1_269' title='bbox 848 2366 989 2414; x_wconf 90' lang='lat' dir='ltr'><strong>omisit,</strong></span> <span class='ocrx_word' id='word_1_270' title='bbox 1010 2367 1048 2402; x_wconf 89' lang='lat' dir='ltr'><strong>in</strong></span> <span class='ocrx_word' id='word_1_271' title='bbox 1061 2365 1183 2403; x_wconf 83' lang='lat' dir='ltr'><strong>altero</strong></span> 
     </span>
     <span class='ocr_line' id='line_1_39' title="bbox 158 2426 1183 2483; baseline -0.017 -6"><span class='ocrx_word' id='word_1_272' title='bbox 158 2453 252 2476; x_wconf 77' lang='lat' dir='ltr'><strong>vero</strong></span> <span class='ocrx_word' id='word_1_273' title='bbox 263 2430 550 2483; x_wconf 85' lang='grc' dir='ltr'>Λακεδαιμονίων</span> <span class='ocrx_word' id='word_1_274' title='bbox 561 2428 722 2466; x_wconf 89' lang='lat' dir='ltr'><strong>mutavit</strong></span> <span class='ocrx_word' id='word_1_275' title='bbox 734 2428 773 2464; x_wconf 89' lang='lat' dir='ltr'><strong>in</strong></span> <span class='ocrx_word' id='word_1_276' title='bbox 784 2426 1052 2479; x_wconf 82' lang='grc' dir='ltr'>Λαμψακηνῶν,</span> <span class='ocrx_word' id='word_1_277' title='bbox 1064 2436 1183 2474; x_wconf 89' lang='lat' dir='ltr'><strong>quum</strong></span> 
     </span>
     <span class='ocr_line' id='line_1_40' title="bbox 160 2481 1187 2536; baseline -0.017 0"><span class='ocrx_word' id='word_1_278' title='bbox 160 2493 468 2536; x_wconf 84' lang='lat' dir='ltr'><strong>Lacedaemonios</strong></span> <span class='ocrx_word' id='word_1_279' title='bbox 486 2490 612 2527; x_wconf 89' lang='lat' dir='ltr'><strong>denuo</strong></span> <span class='ocrx_word' id='word_1_280' title='bbox 633 2487 825 2524; x_wconf 91' lang='lat' dir='ltr'><strong>inveniret</strong></span> <span class='ocrx_word' id='word_1_281' title='bbox 843 2486 883 2522; x_wconf 89' lang='lat' dir='ltr'><strong>in</strong></span> <span class='ocrx_word' id='word_1_282' title='bbox 898 2483 1025 2522; x_wconf 91' lang='lat' dir='ltr'><strong>verbis</strong></span> <span class='ocrx_word' id='word_1_283' title='bbox 1042 2481 1187 2536; x_wconf 79' lang='grc' dir='ltr'>Πρυτά-</span> 
     </span>
     <span class='ocr_line' id='line_1_41' title="bbox 161 2546 780 2608; baseline -0.023 -11"><span class='ocrx_word' id='word_1_284' title='bbox 161 2573 228 2600; x_wconf 86' lang='grc' dir='ltr'>νεις</span> <span class='ocrx_word' id='word_1_285' title='bbox 243 2555 266 2602; x_wconf 82' lang='grc' dir='ltr'>ἢ</span> <span class='ocrx_word' id='word_1_286' title='bbox 291 2554 456 2608; x_wconf 85' lang='grc' dir='ltr'>ἄρχοντες</span> <span class='ocrx_word' id='word_1_287' title='bbox 476 2546 780 2599; x_wconf 85' lang='grc' dir='ltr'>Λακεδαιμονίων.</span> 
     </span>
    </p>

    <p class='ocr_par' dir='ltr' id='par_1_6' title="bbox 166 2603 1198 3075">
     <span class='ocr_line' id='line_1_42' title="bbox 217 2603 1189 2659; baseline -0.017 -4"><span class='ocrx_word' id='word_1_288' title='bbox 217 2618 366 2659; x_wconf 78' lang='lat' dir='ltr'><strong>Restat,</strong></span> <span class='ocrx_word' id='word_1_289' title='bbox 389 2619 432 2650; x_wconf 91' lang='lat' dir='ltr'><strong>ut</strong></span> <span class='ocrx_word' id='word_1_290' title='bbox 455 2620 629 2647; x_wconf 88' lang='lat' dir='ltr'><strong>moneam</strong></span> <span class='ocrx_word' id='word_1_291' title='bbox 651 2606 798 2644; x_wconf 92' lang='lat' dir='ltr'><strong>nullum</strong></span> <span class='ocrx_word' id='word_1_292' title='bbox 829 2613 978 2643; x_wconf 86' lang='lat' dir='ltr'><strong>exstare</strong></span> <span class='ocrx_word' id='word_1_293' title='bbox 999 2603 1189 2653; x_wconf 83' lang='lat' dir='ltr'><strong>fragmen-</strong></span> 
     </span>
     <span class='ocr_line' id='line_1_43' title="bbox 166 2663 1188 2725; baseline -0.017 -10"><span class='ocrx_word' id='word_1_294' title='bbox 166 2686 246 2714; x_wconf 86' lang='lat' dir='ltr'><strong>tum</strong></span> <span class='ocrx_word' id='word_1_295' title='bbox 262 2673 366 2725; x_wconf 88' lang='lat' dir='ltr'><strong>quod</strong></span> <span class='ocrx_word' id='word_1_296' title='bbox 383 2684 431 2709; x_wconf 87' lang='lat' dir='ltr'><strong>ex</strong></span> <span class='ocrx_word' id='word_1_297' title='bbox 451 2680 569 2720; x_wconf 89' lang='lat' dir='ltr'><strong>opere</strong></span> <span class='ocrx_word' id='word_1_298' title='bbox 597 2665 726 2708; x_wconf 84' lang='grc' dir='ltr'>κτίσεις</span> <span class='ocrx_word' id='word_1_299' title='bbox 754 2663 889 2703; x_wconf 88' lang='grc' dir='ltr'>πόλεων</span> <span class='ocrx_word' id='word_1_300' title='bbox 912 2664 1098 2714; x_wconf 87' lang='lat' dir='ltr'><strong>inscripto</strong></span> <span class='ocrx_word' id='word_1_301' title='bbox 1119 2675 1188 2699; x_wconf 86' lang='lat' dir='ltr'><strong>ex-</strong></span> 
     </span>
     <span class='ocr_line' id='line_1_44' title="bbox 167 2721 1191 2774; baseline -0.017 0"><span class='ocrx_word' id='word_1_302' title='bbox 167 2737 304 2773; x_wconf 87' lang='lat' dir='ltr'><strong>citetur</strong></span> <span class='ocrx_word' id='word_1_303' title='bbox 322 2748 330 2770; x_wconf 89' lang='lat'>:</span> <span class='ocrx_word' id='word_1_304' title='bbox 365 2731 442 2768; x_wconf 91' lang='lat' dir='ltr'><strong>duo</strong></span> <span class='ocrx_word' id='word_1_305' title='bbox 470 2736 595 2765; x_wconf 82' lang='lat' dir='ltr'><strong>tamen</strong></span> <span class='ocrx_word' id='word_1_306' title='bbox 628 2733 729 2771; x_wconf 92' lang='lat' dir='ltr'><strong>sunt,</strong></span> <span class='ocrx_word' id='word_1_307' title='bbox 763 2737 848 2774; x_wconf 87' lang='lat' dir='ltr'><strong>quae</strong></span> <span class='ocrx_word' id='word_1_308' title='bbox 879 2725 1090 2761; x_wconf 86' lang='lat' dir='ltr'><strong>Creuzerus</strong></span> <span class='ocrx_word' id='word_1_309' title='bbox 1116 2721 1191 2758; x_wconf 92' lang='lat' dir='ltr'><strong>huc</strong></span> 
     </span>
     <span class='ocr_line' id='line_1_45' title="bbox 171 2780 1192 2842; baseline -0.016 -9"><span class='ocrx_word' id='word_1_310' title='bbox 171 2792 368 2833; x_wconf 84' lang='lat' dir='ltr'><strong>reserenda</strong></span> <span class='ocrx_word' id='word_1_311' title='bbox 387 2788 551 2842; x_wconf 85' lang='lat' dir='ltr'><strong>putavit.</strong></span> <span class='ocrx_word' id='word_1_312' title='bbox 582 2785 671 2824; x_wconf 92' lang='lat' dir='ltr'><strong>Sine</strong></span> <span class='ocrx_word' id='word_1_313' title='bbox 690 2785 767 2822; x_wconf 86' lang='lat' dir='ltr'><strong>ulla</strong></span> <span class='ocrx_word' id='word_1_314' title='bbox 785 2796 930 2821; x_wconf 82' lang='lat' dir='ltr'><strong>caussa.</strong></span> <span class='ocrx_word' id='word_1_315' title='bbox 960 2783 1130 2821; x_wconf 89' lang='lat' dir='ltr'><strong>Primum</strong></span> <span class='ocrx_word' id='word_1_316' title='bbox 1146 2780 1192 2818; x_wconf 91' lang='lat' dir='ltr'><strong>ad</strong></span> 
     </span>
     <span class='ocr_line' id='line_1_46' title="bbox 170 2839 1195 2892; baseline -0.016 0"><span class='ocrx_word' id='word_1_317' title='bbox 170 2854 320 2892; x_wconf 84' lang='lat' dir='ltr'><strong>Persica</strong></span> <span class='ocrx_word' id='word_1_318' title='bbox 343 2846 602 2888; x_wconf 83' lang='lat' dir='ltr'><strong>verisimiliter</strong></span> <span class='ocrx_word' id='word_1_319' title='bbox 623 2843 757 2881; x_wconf 82' lang='lat' dir='ltr'><strong>referri</strong></span> <span class='ocrx_word' id='word_1_320' title='bbox 778 2842 857 2880; x_wconf 85' lang='lat' dir='ltr'><strong>dixi</strong></span> <span class='ocrx_word' id='word_1_321' title='bbox 878 2841 916 2878; x_wconf 92' lang='lat' dir='ltr'><strong>in</strong></span> <span class='ocrx_word' id='word_1_322' title='bbox 938 2839 1195 2878; x_wconf 89' lang='lat' dir='ltr'><strong>antecedenti·</strong></span> 
     </span>
     <span class='ocr_line' id='line_1_47' title="bbox 173 2899 1196 2957; baseline -0.015 -7"><span class='ocrx_word' id='word_1_323' title='bbox 173 2914 255 2950; x_wconf 90' lang='lat' dir='ltr'><strong>bus.</strong></span> <span class='ocrx_word' id='word_1_324' title='bbox 274 2912 460 2955; x_wconf 87' lang='lat' dir='ltr'><strong>Alterum,</strong></span> <span class='ocrx_word' id='word_1_325' title='bbox 478 2919 555 2957; x_wconf 90' lang='lat' dir='ltr'><strong>quo</strong></span> <span class='ocrx_word' id='word_1_326' title='bbox 575 2917 624 2941; x_wconf 88' lang='lat' dir='ltr'><strong>ex</strong></span> <span class='ocrx_word' id='word_1_327' title='bbox 636 2903 812 2941; x_wconf 79' lang='lat' dir='ltr'><strong>Cliarone</strong></span> <span class='ocrx_word' id='word_1_328' title='bbox 827 2902 993 2939; x_wconf 87' lang='lat' dir='ltr'><strong>refertur</strong></span> <span class='ocrx_word' id='word_1_329' title='bbox 1009 2899 1196 2938; x_wconf 81' lang='lat' dir='ltr'><strong>Arcadem</strong></span> 
     </span>
     <span class='ocr_line' id='line_1_48' title="bbox 174 2960 1198 3015; baseline -0.015 -6"><span class='ocrx_word' id='word_1_330' title='bbox 174 2985 255 3009; x_wconf 85' lang='lat' dir='ltr'><strong>csse</strong></span> <span class='ocrx_word' id='word_1_331' title='bbox 277 2969 381 3007; x_wconf 85' lang='lat' dir='ltr'><strong>Jovis</strong></span> <span class='ocrx_word' id='word_1_332' title='bbox 398 2967 456 3003; x_wconf 85' lang='lat' dir='ltr'><strong>vel</strong></span> <span class='ocrx_word' id='word_1_333' title='bbox 474 2963 656 3015; x_wconf 85' lang='lat' dir='ltr'><strong>Apollinis</strong></span> <span class='ocrx_word' id='word_1_334' title='bbox 667 2976 713 3000; x_wconf 87' lang='lat' dir='ltr'><strong>ex</strong></span> <span class='ocrx_word' id='word_1_335' title='bbox 734 2962 939 3000; x_wconf 89' lang='lat' dir='ltr'><strong>Callistone</strong></span> <span class='ocrx_word' id='word_1_336' title='bbox 956 2960 1090 3008; x_wconf 86' lang='lat' dir='ltr'><strong>lilium,</strong></span> <span class='ocrx_word' id='word_1_337' title='bbox 1106 2972 1198 3009; x_wconf 88' lang='lat' dir='ltr'><strong>pro-</strong></span> 
     </span>
     <span class='ocr_line' id='line_1_49' title="bbox 177 3019 1198 3075; baseline -0.014 -9"><span class='ocrx_word' id='word_1_338' title='bbox 177 3027 357 3066; x_wconf 87' lang='lat' dir='ltr'><strong>babiliter</strong></span> <span class='ocrx_word' id='word_1_339' title='bbox 375 3038 422 3062; x_wconf 83' lang='lat' dir='ltr'><strong>ex</strong></span> <span class='ocrx_word' id='word_1_340' title='bbox 443 3022 543 3075; x_wconf 81' lang='grc' dir='ltr'>ὥροις</span> <span class='ocrx_word' id='word_1_341' title='bbox 561 3019 847 3071; x_wconf 84' lang='grc' dir='ltr'>Λακεδαιμονίων</span> <span class='ocrx_word' id='word_1_342' title='bbox 869 3019 1110 3070; x_wconf 81' lang='lat' dir='ltr'><strong>‹lepromtum</strong></span> <span class='ocrx_word' id='word_1_343' title='bbox 1128 3024 1198 3054; x_wconf 88' lang='lat' dir='ltr'><strong>est.</strong></span> 
     </span>
    </p>

    <p class='ocr_par' dir='ltr' id='par_1_7' title="bbox 178 3075 1202 3253">
     <span class='ocr_line' id='line_1_50' title="bbox 232 3075 1201 3134; baseline -0.012 -11"><span class='ocrx_word' id='word_1_344' title='bbox 232 3091 327 3134; x_wconf 86' lang='lat' dir='ltr'><strong>Quae</strong></span> <span class='ocrx_word' id='word_1_345' title='bbox 353 3091 537 3134; x_wconf 78' lang='lat' dir='ltr'><strong>praeterea</strong></span> <span class='ocrx_word' id='word_1_346' title='bbox 557 3080 689 3117; x_wconf 84' lang='lat' dir='ltr'><strong>Suidas</strong></span> <span class='ocrx_word' id='word_1_347' title='bbox 716 3078 883 3117; x_wconf 66' lang='lat' dir='ltr'><strong>(iliaroni</strong></span> <span class='ocrx_word' id='word_1_348' title='bbox 905 3090 1023 3128; x_wconf 85' lang='lat' dir='ltr'><strong>opera</strong></span> <span class='ocrx_word' id='word_1_349' title='bbox 1053 3075 1201 3120; x_wconf 83' lang='lat' dir='ltr'><strong>tribuit,</strong></span> 
     </span>
     <span class='ocr_line' id='line_1_51' title="bbox 178 3135 1202 3187; baseline -0.013 -3"><span class='ocrx_word' id='word_1_350' title='bbox 178 3159 223 3184; x_wconf 88' lang='lat' dir='ltr'><strong>ea</strong></span> <span class='ocrx_word' id='word_1_351' title='bbox 237 3145 285 3182; x_wconf 90' lang='lat' dir='ltr'><strong>ab</strong></span> <span class='ocrx_word' id='word_1_352' title='bbox 299 3147 441 3182; x_wconf 88' lang='lat' dir='ltr'><strong>Nostro</strong></span> <span class='ocrx_word' id='word_1_353' title='bbox 457 3140 592 3183; x_wconf 84' lang='lat' dir='ltr'><strong>aliena,</strong></span> <span class='ocrx_word' id='word_1_354' title='bbox 609 3138 655 3174; x_wconf 87' lang='lat' dir='ltr'><strong>ad</strong></span> <span class='ocrx_word' id='word_1_355' title='bbox 668 3138 783 3175; x_wconf 86' lang='lat' dir='ltr'><strong>alium</strong></span> <span class='ocrx_word' id='word_1_356' title='bbox 818 3137 931 3187; x_wconf 88' lang='lat' dir='ltr'><strong>hujus</strong></span> <span class='ocrx_word' id='word_1_357' title='bbox 953 3135 1117 3173; x_wconf 88' lang='lat' dir='ltr'><strong>nominis</strong></span> <span class='ocrx_word' id='word_1_358' title='bbox 1135 3148 1202 3172; x_wconf 86' lang='lat' dir='ltr'><strong>au-</strong></span> 
     </span>
     <span class='ocr_line' id='line_1_52' title="bbox 181 3197 750 3253; baseline -0.018 -10"><span class='ocrx_word' id='word_1_359' title='bbox 181 3213 324 3243; x_wconf 82' lang='lat' dir='ltr'><strong>ctorem</strong></span> <span class='ocrx_word' id='word_1_360' title='bbox 347 3201 537 3253; x_wconf 72' lang='lat' dir='ltr'><strong>pertinere</strong></span> <span class='ocrx_word' id='word_1_361' title='bbox 560 3197 750 3236; x_wconf 85' lang='lat' dir='ltr'><strong>videntur.</strong></span> 
     </span>
    </p>
   </div>
   <div class='ocr_carea' id='block_1_6' title="bbox 601 3326 751 3342">
    <p class='ocr_par' dir='ltr' id='par_1_8' title="bbox 601 3326 751 3342">
     <span class='ocr_line' id='line_1_53' title="bbox 601 3326 751 3342; baseline -0.013 -1"><span class='ocrx_word' id='word_1_362' title='bbox 601 3326 751 3342; x_wconf 54' lang='lat' dir='ltr'><strong>—QOOOQ</strong></span> 
     </span>
    </p>
   </div>
   <div class='ocr_carea' id='block_1_7' title="bbox 1505 248 1905 310">
    <p class='ocr_par' dir='ltr' id='par_1_9' title="bbox 1505 248 1905 310">
     <span class='ocr_line' id='line_1_54' title="bbox 1505 248 1905 310; baseline -0.013 0"><span class='ocrx_word' id='word_1_363' title='bbox 1505 248 1905 310; x_wconf 70' lang='lat' dir='ltr'><strong>XANTHUS</strong></span> 
     </span>
    </p>
   </div>
   <div class='ocr_carea' id='block_1_8' title="bbox 1195 363 2294 2965">
    <p class='ocr_par' dir='ltr' id='par_1_10' title="bbox 1195 363 2294 960">
     <span class='ocr_line' id='line_1_55' title="bbox 1252 363 2276 425; baseline -0.015 -10"><span class='ocrx_word' id='word_1_364' title='bbox 1252 376 1448 425; x_wconf 86' lang='lat' dir='ltr'><strong>Xanthus,</strong></span> <span class='ocrx_word' id='word_1_365' title='bbox 1471 371 1669 412; x_wconf 83' lang='lat' dir='ltr'><strong>Candaulae</strong></span> <span class='ocrx_word' id='word_1_366' title='bbox 1689 371 1800 417; x_wconf 86' lang='lat' dir='ltr'><strong>filius,</strong></span> <span class='ocrx_word' id='word_1_367' title='bbox 1819 369 1950 420; x_wconf 83' lang='lat' dir='ltr'><strong>Lydus</strong></span> <span class='ocrx_word' id='word_1_368' title='bbox 1965 381 2014 405; x_wconf 82' lang='lat' dir='ltr'><strong>ex</strong></span> <span class='ocrx_word' id='word_1_369' title='bbox 2025 363 2224 405; x_wconf 87' lang='lat' dir='ltr'><strong>Sardibus.</strong></span> <span class='ocrx_word' id='word_1_370' title='bbox 2260 368 2276 411; x_wconf 46' lang='lat' dir='ltr'><strong>ij,</strong></span> 
     </span>
     <span class='ocr_line' id='line_1_56' title="bbox 1195 423 2274 482; baseline -0.013 -7"><span class='ocrx_word' id='word_1_371' title='bbox 1195 436 1326 476; x_wconf 88' lang='lat' dir='ltr'><strong>Verba</strong></span> <span class='ocrx_word' id='word_1_372' title='bbox 1347 442 1436 473; x_wconf 88' lang='lat' dir='ltr'><strong>sunt</strong></span> <span class='ocrx_word' id='word_1_373' title='bbox 1457 431 1608 481; x_wconf 83' lang='lat' dir='ltr'><strong>Suidae(</strong></span> <span class='ocrx_word' id='word_1_374' title='bbox 1616 430 1662 482; x_wconf 93' lang='lat'><strong>1).</strong></span> <span class='ocrx_word' id='word_1_375' title='bbox 1700 433 1755 469; x_wconf 92' lang='lat' dir='ltr'><strong>Ut</strong></span> <span class='ocrx_word' id='word_1_376' title='bbox 1779 428 1860 480; x_wconf 90' lang='lat' dir='ltr'><strong>jam</strong></span> <span class='ocrx_word' id='word_1_377' title='bbox 1894 427 2042 465; x_wconf 88' lang='lat' dir='ltr'><strong>mittam</strong></span> <span class='ocrx_word' id='word_1_378' title='bbox 2074 423 2224 462; x_wconf 86' lang='lat' dir='ltr'><strong>celebre</strong></span> <span class='ocrx_word' id='word_1_379' title='bbox 2258 423 2274 455; x_wconf 66' lang='lat'><strong>1³²</strong></span> 
     </span>
     <span class='ocr_line' id='line_1_57' title="bbox 1198 472 2281 544; baseline -0.015 -11"><span class='ocrx_word' id='word_1_380' title='bbox 1198 508 1339 534; x_wconf 91' lang='lat' dir='ltr'><strong>nomen</strong></span> <span class='ocrx_word' id='word_1_381' title='bbox 1363 492 1504 544; x_wconf 87' lang='lat' dir='ltr'><strong>patris,</strong></span> <span class='ocrx_word' id='word_1_382' title='bbox 1535 489 1697 540; x_wconf 88' lang='lat' dir='ltr'><strong>Lydiam</strong></span> <span class='ocrx_word' id='word_1_383' title='bbox 1725 487 1894 527; x_wconf 88' lang='lat' dir='ltr'><strong>auctoris</strong></span> <span class='ocrx_word' id='word_1_384' title='bbox 1928 484 2052 523; x_wconf 89' lang='lat' dir='ltr'><strong>nostri</strong></span> <span class='ocrx_word' id='word_1_385' title='bbox 2084 491 2228 521; x_wconf 83' lang='lat' dir='ltr'><strong>terram</strong></span> <span class='ocrx_word' id='word_1_386' title='bbox 2258 472 2281 530; x_wconf 54' lang='grc' dir='ltr'><strong>ᾖ,</strong></span> 
     </span>
     <span class='ocr_line' id='line_1_58' title="bbox 1200 531 2281 597; baseline -0.014 -5"><span class='ocrx_word' id='word_1_387' title='bbox 1200 555 1316 592; x_wconf 87' lang='lat' dir='ltr'><strong>fuisse</strong></span> <span class='ocrx_word' id='word_1_388' title='bbox 1350 552 1515 590; x_wconf 89' lang='lat' dir='ltr'><strong>natalem</strong></span> <span class='ocrx_word' id='word_1_389' title='bbox 1548 548 1742 587; x_wconf 90' lang='lat' dir='ltr'><strong>communi</strong></span> <span class='ocrx_word' id='word_1_390' title='bbox 1777 547 2009 597; x_wconf 89' lang='lat' dir='ltr'><strong>scriptorum</strong></span> <span class='ocrx_word' id='word_1_391' title='bbox 2038 551 2229 581; x_wconf 87' lang='lat' dir='ltr'><strong>consensu</strong></span> <span class='ocrx_word' id='word_1_392' title='bbox 2263 531 2281 589; x_wconf 69' lang='lat'><strong>{-</strong></span> 
     </span>
     <span class='ocr_line' id='line_1_59' title="bbox 1201 590 2283 661; baseline -0.015 -10"><span class='ocrx_word' id='word_1_393' title='bbox 1201 614 1473 661; x_wconf 80' lang='lat' dir='ltr'><strong>confirmatur,</strong></span> <span class='ocrx_word' id='word_1_394' title='bbox 1514 621 1646 646; x_wconf 91' lang='lat' dir='ltr'><strong>verum</strong></span> <span class='ocrx_word' id='word_1_395' title='bbox 1681 605 1864 645; x_wconf 84' lang='lat' dir='ltr'><strong>Sardibus</strong></span> <span class='ocrx_word' id='word_1_396' title='bbox 1901 617 1989 642; x_wconf 89' lang='lat' dir='ltr'><strong>eum</strong></span> <span class='ocrx_word' id='word_1_397' title='bbox 2018 600 2230 640; x_wconf 88' lang='lat' dir='ltr'><strong>oriundum</strong></span> <span class='ocrx_word' id='word_1_398' title='bbox 2264 590 2283 650; x_wconf 88' lang='grc' dir='ltr'><strong>ΤΞ</strong></span> 
     </span>
     <span class='ocr_line' id='line_1_60' title="bbox 1203 656 2285 723; baseline -0.015 -13"><span class='ocrx_word' id='word_1_399' title='bbox 1203 673 1360 723; x_wconf 81' lang='lat' dir='ltr'><strong>vulgata</strong></span> <span class='ocrx_word' id='word_1_400' title='bbox 1377 668 1534 720; x_wconf 88' lang='lat' dir='ltr'><strong>quidem</strong></span> <span class='ocrx_word' id='word_1_401' title='bbox 1556 666 1743 705; x_wconf 86' lang='lat' dir='ltr'><strong>sententia</strong></span> <span class='ocrx_word' id='word_1_402' title='bbox 1762 663 1879 702; x_wconf 69' lang='lat' dir='ltr'><strong>fuisse</strong></span> <span class='ocrx_word' id='word_1_403' title='bbox 1898 663 2066 706; x_wconf 86' lang='lat' dir='ltr'><strong>videtur,</strong></span> <span class='ocrx_word' id='word_1_404' title='bbox 2086 673 2158 698; x_wconf 90' lang='lat' dir='ltr'><strong>nec</strong></span> <span class='ocrx_word' id='word_1_405' title='bbox 2176 658 2232 696; x_wconf 91' lang='lat' dir='ltr'><strong>ita</strong></span> <span class='ocrx_word' id='word_1_406' title='bbox 2267 656 2285 703; x_wconf 77' lang='lat'><strong>²..=</strong></span> 
     </span>
     <span class='ocr_line' id='line_1_61' title="bbox 1207 704 2283 773; baseline -0.015 -4"><span class='ocrx_word' id='word_1_407' title='bbox 1207 741 1336 769; x_wconf 87' lang='lat' dir='ltr'><strong>tamen</strong></span> <span class='ocrx_word' id='word_1_408' title='bbox 1354 730 1483 773; x_wconf 83' lang='lat' dir='ltr'><strong>firma,</strong></span> <span class='ocrx_word' id='word_1_409' title='bbox 1514 735 1559 764; x_wconf 86' lang='lat' dir='ltr'><strong>ut</strong></span> <span class='ocrx_word' id='word_1_410' title='bbox 1584 725 1712 763; x_wconf 85' lang='lat' dir='ltr'><strong>nullus</strong></span> <span class='ocrx_word' id='word_1_411' title='bbox 1739 721 1974 762; x_wconf 88' lang='lat' dir='ltr'><strong>dubitationi</strong></span> <span class='ocrx_word' id='word_1_412' title='bbox 1997 721 2103 757; x_wconf 88' lang='lat' dir='ltr'><strong>locus</strong></span> <span class='ocrx_word' id='word_1_413' title='bbox 2133 709 2234 756; x_wconf 79' lang='lat' dir='ltr'><strong>esset</strong></span> <span class='ocrx_word' id='word_1_414' title='bbox 2262 704 2283 753; x_wconf 57' lang='grc' dir='ltr'><strong>ᾖ</strong></span> 
     </span>
     <span class='ocr_line' id='line_1_62' title="bbox 1206 759 2284 829; baseline -0.015 0"><span class='ocrx_word' id='word_1_415' title='bbox 1206 791 1376 829; x_wconf 89' lang='lat' dir='ltr'><strong>relictus.</strong></span> <span class='ocrx_word' id='word_1_416' title='bbox 1411 791 1521 826; x_wconf 82' lang='lat' dir='ltr'><strong>Patet</strong></span> <span class='ocrx_word' id='word_1_417' title='bbox 1553 786 1629 823; x_wconf 89' lang='lat' dir='ltr'><strong>hoc</strong></span> <span class='ocrx_word' id='word_1_418' title='bbox 1659 798 1706 823; x_wconf 89' lang='lat' dir='ltr'><strong>ex</strong></span> <span class='ocrx_word' id='word_1_419' title='bbox 1726 783 1856 821; x_wconf 87' lang='lat' dir='ltr'><strong>verbis</strong></span> <span class='ocrx_word' id='word_1_420' title='bbox 1876 779 2076 820; x_wconf 88' lang='lat' dir='ltr'><strong>Strabonis</strong></span> <span class='ocrx_word' id='word_1_421' title='bbox 2108 777 2233 829; x_wconf 87' lang='lat' dir='ltr'><strong>(XIII,</strong></span> <span class='ocrx_word' id='word_1_422' title='bbox 2268 759 2284 816; x_wconf 62' lang='lat'><strong>:³3</strong></span> 
     </span>
     <span class='ocr_line' id='line_1_63' title="bbox 1206 831 2294 902; baseline -0.015 -15"><span class='ocrx_word' id='word_1_423' title='bbox 1206 864 1243 902; x_wconf 92' lang='lat' dir='ltr'><strong>p.</strong></span> <span class='ocrx_word' id='word_1_424' title='bbox 1266 850 1380 899; x_wconf 82' lang='lat'>931):</span> <span class='ocrx_word' id='word_1_425' title='bbox 1407 845 1542 888; x_wconf 86' lang='grc' dir='ltr'>Ξάνθος</span> <span class='ocrx_word' id='word_1_426' title='bbox 1561 847 1579 883; x_wconf 87' lang='grc' dir='ltr'>ὁ</span> <span class='ocrx_word' id='word_1_427' title='bbox 1601 842 1749 886; x_wconf 82' lang='grc' dir='ltr'>παλαὶος</span> <span class='ocrx_word' id='word_1_428' title='bbox 1771 837 2007 894; x_wconf 76' lang='grc' dir='ltr'>συγγραφεὺς,</span> <span class='ocrx_word' id='word_1_429' title='bbox 2027 837 2098 883; x_wconf 88' lang='lat' dir='ltr'><strong>ait,</strong></span> <span class='ocrx_word' id='word_1_430' title='bbox 2121 834 2236 878; x_wconf 80' lang='grc' dir='ltr'>Λυδὸς</span> <span class='ocrx_word' id='word_1_431' title='bbox 2270 831 2294 895; x_wconf 58' lang='grc' dir='ltr'>ξ</span> 
     </span>
     <span class='ocr_line' id='line_1_64' title="bbox 1209 896 2286 960; baseline -0.018 -13"><span class='ocrx_word' id='word_1_432' title='bbox 1209 907 1272 960; x_wconf 82' lang='grc' dir='ltr'>μὲν</span> <span class='ocrx_word' id='word_1_433' title='bbox 1290 907 1445 958; x_wconf 82' lang='grc' dir='ltr'>λέγεται,</span> <span class='ocrx_word' id='word_1_434' title='bbox 1461 905 1492 943; x_wconf 86' lang='grc' dir='ltr'>εἷ</span> <span class='ocrx_word' id='word_1_435' title='bbox 1512 902 1548 942; x_wconf 81' lang='grc' dir='ltr'><strong>δὲ</strong></span> <span class='ocrx_word' id='word_1_436' title='bbox 1565 905 1604 941; x_wconf 81' lang='grc' dir='ltr'><strong>ἐκ</strong></span> <span class='ocrx_word' id='word_1_437' title='bbox 1622 901 1800 955; x_wconf 84' lang='grc' dir='ltr'>Σάρδεων,</span> <span class='ocrx_word' id='word_1_438' title='bbox 1824 899 1886 937; x_wconf 78' lang='grc' dir='ltr'><strong>οὐκ</strong></span> <span class='ocrx_word' id='word_1_439' title='bbox 1903 896 2017 947; x_wconf 83' lang='grc' dir='ltr'>ἴσμεν.</span> <span class='ocrx_word' id='word_1_440' title='bbox 2271 899 2286 940; x_wconf 66' lang='grc' dir='ltr'><strong>ξ’</strong></span> 
     </span>
    </p>

    <p class='ocr_par' dir='ltr' id='par_1_11' title="bbox 1210 942 2294 2720">
     <span class='ocr_line' id='line_1_65' title="bbox 1262 942 2290 1013; baseline -0.018 -8"><span class='ocrx_word' id='word_1_441' title='bbox 1262 966 1376 1013; x_wconf 87' lang='lat' dir='ltr'><strong>Quod</strong></span> <span class='ocrx_word' id='word_1_442' title='bbox 1397 965 1446 1003; x_wconf 92' lang='lat' dir='ltr'><strong>ad</strong></span> <span class='ocrx_word' id='word_1_443' title='bbox 1460 970 1610 1001; x_wconf 84' lang='lat' dir='ltr'><strong>aetatem</strong></span> <span class='ocrx_word' id='word_1_444' title='bbox 1622 958 1824 1011; x_wconf 85' lang='lat' dir='ltr'><strong>scriptoris</strong></span> <span class='ocrx_word' id='word_1_445' title='bbox 1839 956 1988 1003; x_wconf 88' lang='lat' dir='ltr'><strong>attinet,</strong></span> <span class='ocrx_word' id='word_1_446' title='bbox 2002 966 2090 992; x_wconf 88' lang='lat' dir='ltr'><strong>enm</strong></span> <span class='ocrx_word' id='word_1_447' title='bbox 2104 951 2241 1003; x_wconf 89' lang='lat' dir='ltr'><strong>Epho-</strong></span> <span class='ocrx_word' id='word_1_448' title='bbox 2269 942 2290 999; x_wconf 58' lang='lat' dir='ltr'><strong>J</strong></span> 
     </span>
     <span class='ocr_line' id='line_1_66' title="bbox 1210 997 2294 1076; baseline -0.017 -12"><span class='ocrx_word' id='word_1_449' title='bbox 1210 1039 1275 1064; x_wconf 88' lang='lat' dir='ltr'><strong>rus</strong></span> <span class='ocrx_word' id='word_1_450' title='bbox 1284 1025 1345 1076; x_wconf 82' lang='lat' dir='ltr'><strong>(fr.</strong></span> <span class='ocrx_word' id='word_1_451' title='bbox 1360 1024 1421 1075; x_wconf 86' lang='lat'><strong>19)</strong></span> <span class='ocrx_word' id='word_1_452' title='bbox 1435 1021 1635 1060; x_wconf 86' lang='lat' dir='ltr'><strong>Herodoto</strong></span> <span class='ocrx_word' id='word_1_453' title='bbox 1645 1017 1908 1069; x_wconf 86' lang='lat' dir='ltr'><strong>antiquiorem</strong></span> <span class='ocrx_word' id='word_1_454' title='bbox 1926 1014 2020 1052; x_wconf 82' lang='lat' dir='ltr'><strong>dicit</strong></span> <span class='ocrx_word' id='word_1_455' title='bbox 2027 1020 2142 1062; x_wconf 87' lang='lat' dir='ltr'><strong>atque</strong></span> <span class='ocrx_word' id='word_1_456' title='bbox 2149 1010 2241 1048; x_wconf 84' lang='lat' dir='ltr'><strong>huie</strong></span> <span class='ocrx_word' id='word_1_457' title='bbox 2268 997 2294 1054; x_wconf 92' lang='lat'>3</span> 
     </span>
     <span class='ocr_line' id='line_1_67' title="bbox 1211 1068 2282 1123; baseline -0.018 0"><span class='ocrx_word' id='word_1_458' title='bbox 1211 1084 1382 1123; x_wconf 87' lang='lat' dir='ltr'><strong>historiae</strong></span> <span class='ocrx_word' id='word_1_459' title='bbox 1395 1080 1608 1120; x_wconf 76' lang='lat' dir='ltr'><strong>scribendae</strong></span> <span class='ocrx_word' id='word_1_460' title='bbox 1629 1078 1743 1116; x_wconf 79' lang='lat' dir='ltr'><strong>fuisse</strong></span> <span class='ocrx_word' id='word_1_461' title='bbox 1757 1084 1968 1114; x_wconf 88' lang='lat' dir='ltr'><strong>auctorem.</strong></span> <span class='ocrx_word' id='word_1_462' title='bbox 1987 1073 2065 1111; x_wconf 88' lang='lat' dir='ltr'><strong>Nec</strong></span> <span class='ocrx_word' id='word_1_463' title='bbox 2078 1069 2242 1108; x_wconf 89' lang='lat' dir='ltr'><strong>multum</strong></span> <span class='ocrx_word' id='word_1_464' title='bbox 2269 1068 2282 1083; x_wconf 62' lang='lat'><strong>‘³</strong></span> 
     </span>
     <span class='ocr_line' id='line_1_68' title="bbox 1214 1127 2290 1186; baseline -0.018 -4"><span class='ocrx_word' id='word_1_465' title='bbox 1214 1153 1342 1182; x_wconf 88' lang='lat' dir='ltr'><strong>tamen</strong></span> <span class='ocrx_word' id='word_1_466' title='bbox 1375 1148 1488 1179; x_wconf 85' lang='lat' dir='ltr'><strong>aetate</strong></span> <span class='ocrx_word' id='word_1_467' title='bbox 1514 1137 1688 1176; x_wconf 86' lang='lat' dir='ltr'><strong>historiae</strong></span> <span class='ocrx_word' id='word_1_468' title='bbox 1718 1143 1869 1186; x_wconf 86' lang='lat' dir='ltr'><strong>patrem</strong></span> <span class='ocrx_word' id='word_1_469' title='bbox 1895 1142 2081 1182; x_wconf 86' lang='lat' dir='ltr'><strong>superare</strong></span> <span class='ocrx_word' id='word_1_470' title='bbox 2100 1127 2243 1179; x_wconf 86' lang='lat' dir='ltr'><strong>potuit,</strong></span> <span class='ocrx_word' id='word_1_471' title='bbox 2288 1148 2290 1154; x_wconf 56' lang='grc' dir='ltr'>ι</span> 
     </span>
     <span class='ocr_line' id='line_1_69' title="bbox 1214 1186 2282 1253; baseline -0.017 -13"><span class='ocrx_word' id='word_1_472' title='bbox 1214 1192 1902 1253; x_wconf 79' lang='lat' dir='ltr'><strong>quumDionysiusHalicarnassensis</strong></span> <span class='ocrx_word' id='word_1_473' title='bbox 1913 1190 1988 1243; x_wconf 91' lang='lat' dir='ltr'><strong>(De</strong></span> <span class='ocrx_word' id='word_1_474' title='bbox 2012 1187 2098 1239; x_wconf 88' lang='lat' dir='ltr'><strong>jud.</strong></span> <span class='ocrx_word' id='word_1_475' title='bbox 2119 1186 2243 1225; x_wconf 89' lang='lat' dir='ltr'><strong>Thuc.</strong></span> <span class='ocrx_word' id='word_1_476' title='bbox 2278 1192 2282 1202; x_wconf 70' lang='lat'>³</span> 
     </span>
     <span class='ocr_line' id='line_1_70' title="bbox 1215 1244 2246 1312; baseline -0.017 -13"><span class='ocrx_word' id='word_1_477' title='bbox 1215 1275 1254 1312; x_wconf 92' lang='lat' dir='ltr'><strong>p.</strong></span> <span class='ocrx_word' id='word_1_478' title='bbox 1280 1260 1370 1307; x_wconf 87' lang='lat'>818)</span> <span class='ocrx_word' id='word_1_479' title='bbox 1391 1257 1592 1297; x_wconf 86' lang='lat' dir='ltr'><strong>Xanthum</strong></span> <span class='ocrx_word' id='word_1_480' title='bbox 1610 1267 1696 1292; x_wconf 92' lang='lat' dir='ltr'><strong>cum</strong></span> <span class='ocrx_word' id='word_1_481' title='bbox 1713 1253 1759 1291; x_wconf 92' lang='lat' dir='ltr'><strong>iis</strong></span> <span class='ocrx_word' id='word_1_482' title='bbox 1777 1257 1987 1301; x_wconf 85' lang='lat' dir='ltr'><strong>componat</strong></span> <span class='ocrx_word' id='word_1_483' title='bbox 2007 1244 2246 1290; x_wconf 86' lang='lat' dir='ltr'><strong>auctoribus,</strong></span> 
     </span>
     <span class='ocr_line' id='line_1_71' title="bbox 1218 1304 2294 1372; baseline -0.019 -14"><span class='ocrx_word' id='word_1_484' title='bbox 1218 1320 1285 1372; x_wconf 83' lang='lat' dir='ltr'><strong>qui</strong></span> <span class='ocrx_word' id='word_1_485' title='bbox 1299 1318 1443 1357; x_wconf 85' lang='lat' dir='ltr'><strong>fuerint</strong></span> <span class='ocrx_word' id='word_1_486' title='bbox 1455 1314 1562 1368; x_wconf 84' lang='grc' dir='ltr'>ὀλίγῳ</span> <span class='ocrx_word' id='word_1_487' title='bbox 1576 1310 1805 1367; x_wconf 75' lang='grc' dir='ltr'>πρεσὸύτεροι</span> <span class='ocrx_word' id='word_1_488' title='bbox 1817 1311 1886 1348; x_wconf 88' lang='grc' dir='ltr'>τῶν</span> <span class='ocrx_word' id='word_1_489' title='bbox 1906 1304 2247 1350; x_wconf 85' lang='grc' dir='ltr'>Πελοποννησιακῶν</span> <span class='ocrx_word' id='word_1_490' title='bbox 2283 1324 2294 1356; x_wconf 33' lang='grc' dir='ltr'><strong>ἦ,</strong></span> 
     </span>
     <span class='ocr_line' id='line_1_72' title="bbox 1218 1358 2286 1430; baseline -0.018 -13"><span class='ocrx_word' id='word_1_491' title='bbox 1218 1378 1278 1417; x_wconf 71' lang='grc' dir='ltr'>καὶ</span> <span class='ocrx_word' id='word_1_492' title='bbox 1309 1375 1416 1430; x_wconf 83' lang='grc' dir='ltr'>μέχρι</span> <span class='ocrx_word' id='word_1_493' title='bbox 1429 1377 1492 1422; x_wconf 75' lang='grc' dir='ltr'>τῆς</span> <span class='ocrx_word' id='word_1_494' title='bbox 1523 1370 1743 1413; x_wconf 83' lang='grc' dir='ltr'>Θουκυδίδου</span> <span class='ocrx_word' id='word_1_495' title='bbox 1780 1365 2065 1422; x_wconf 83' lang='grc' dir='ltr'>παρεκτείναντες</span> <span class='ocrx_word' id='word_1_496' title='bbox 2095 1360 2246 1410; x_wconf 82' lang='grc' dir='ltr'>ἡλικίας.</span> <span class='ocrx_word' id='word_1_497' title='bbox 2283 1358 2286 1365; x_wconf 79' lang='grc'><strong>’</strong></span> 
     </span>
     <span class='ocr_line' id='line_1_73' title="bbox 1219 1426 2252 1488; baseline -0.018 -11"><span class='ocrx_word' id='word_1_498' title='bbox 1219 1443 1353 1488; x_wconf 87' lang='lat' dir='ltr'><strong>Itaque</strong></span> <span class='ocrx_word' id='word_1_499' title='bbox 1379 1444 1492 1473; x_wconf 89' lang='lat' dir='ltr'><strong>natus</strong></span> <span class='ocrx_word' id='word_1_500' title='bbox 1519 1446 1601 1471; x_wconf 87' lang='lat' dir='ltr'><strong>esse</strong></span> <span class='ocrx_word' id='word_1_501' title='bbox 1622 1431 1777 1470; x_wconf 86' lang='lat' dir='ltr'><strong>videtur</strong></span> <span class='ocrx_word' id='word_1_502' title='bbox 1796 1429 1897 1466; x_wconf 84' lang='lat' dir='ltr'><strong>circa</strong></span> <span class='ocrx_word' id='word_1_503' title='bbox 1917 1426 2072 1476; x_wconf 82' lang='lat' dir='ltr'><strong>Olymp.</strong></span> <span class='ocrx_word' id='word_1_504' title='bbox 2093 1430 2252 1474; x_wconf 81' lang='lat' dir='ltr'><strong>septua-</strong></span> 
     </span>
     <span class='ocr_line' id='line_1_74' title="bbox 1223 1481 2251 1549; baseline -0.018 -13"><span class='ocrx_word' id='word_1_505' title='bbox 1223 1498 1415 1549; x_wconf 84' lang='lat' dir='ltr'><strong>gesimam.</strong></span> <span class='ocrx_word' id='word_1_506' title='bbox 1440 1493 1647 1544; x_wconf 89' lang='lat' dir='ltr'><strong>Scripsisse</strong></span> <span class='ocrx_word' id='word_1_507' title='bbox 1664 1503 1750 1529; x_wconf 89' lang='lat' dir='ltr'><strong>eum</strong></span> <span class='ocrx_word' id='word_1_508' title='bbox 1771 1487 1844 1526; x_wconf 91' lang='lat' dir='ltr'><strong>sub</strong></span> <span class='ocrx_word' id='word_1_509' title='bbox 1861 1490 2092 1530; x_wconf 81' lang='lat' dir='ltr'><strong>Artaxerxe,</strong></span> <span class='ocrx_word' id='word_1_510' title='bbox 2105 1482 2174 1534; x_wconf 90' lang='lat' dir='ltr'><strong>qui</strong></span> <span class='ocrx_word' id='word_1_511' title='bbox 2187 1481 2251 1520; x_wconf 94' lang='lat' dir='ltr'><strong>Ol.</strong></span> 
     </span>
     <span class='ocr_line' id='line_1_75' title="bbox 1226 1541 2254 1605; baseline -0.018 -10"><span class='ocrx_word' id='word_1_512' title='bbox 1226 1557 1289 1604; x_wconf 90' lang='lat'><strong>78,</strong></span> <span class='ocrx_word' id='word_1_513' title='bbox 1313 1561 1334 1601; x_wconf 78' lang='grc'><strong>4</strong></span> <span class='ocrx_word' id='word_1_514' title='bbox 1352 1567 1512 1605; x_wconf 83' lang='lat' dir='ltr'><strong>regnum</strong></span> <span class='ocrx_word' id='word_1_515' title='bbox 1526 1550 1706 1601; x_wconf 90' lang='lat' dir='ltr'><strong>suscepit,</strong></span> <span class='ocrx_word' id='word_1_516' title='bbox 1724 1562 1772 1586; x_wconf 84' lang='lat' dir='ltr'><strong>ex</strong></span> <span class='ocrx_word' id='word_1_517' title='bbox 1789 1548 2003 1597; x_wconf 80' lang='lat' dir='ltr'><strong>fragmento</strong></span> <span class='ocrx_word' id='word_1_518' title='bbox 2019 1542 2132 1580; x_wconf 89' lang='lat' dir='ltr'><strong>tertio</strong></span> <span class='ocrx_word' id='word_1_519' title='bbox 2145 1541 2254 1579; x_wconf 89' lang='lat' dir='ltr'><strong>lucu-</strong></span> 
     </span>
     <span class='ocr_line' id='line_1_76' title="bbox 1226 1599 2256 1665; baseline -0.017 -11"><span class='ocrx_word' id='word_1_520' title='bbox 1226 1617 1349 1654; x_wconf 87' lang='lat' dir='ltr'><strong>lenter</strong></span> <span class='ocrx_word' id='word_1_521' title='bbox 1370 1620 1543 1665; x_wconf 85' lang='lat' dir='ltr'><strong>apparet.</strong></span> <span class='ocrx_word' id='word_1_522' title='bbox 1568 1614 1652 1648; x_wconf 83' lang='lat' dir='ltr'><strong>Jam</strong></span> <span class='ocrx_word' id='word_1_523' title='bbox 1680 1620 1800 1659; x_wconf 91' lang='lat' dir='ltr'><strong>quum</strong></span> <span class='ocrx_word' id='word_1_524' title='bbox 1812 1604 1940 1644; x_wconf 87' lang='lat' dir='ltr'><strong>Suidae</strong></span> <span class='ocrx_word' id='word_1_525' title='bbox 1961 1601 2140 1641; x_wconf 88' lang='lat' dir='ltr'><strong>Xanthus</strong></span> <span class='ocrx_word' id='word_1_526' title='bbox 2155 1599 2256 1638; x_wconf 85' lang='lat' dir='ltr'><strong>dica·</strong></span> 
     </span>
     <span class='ocr_line' id='line_1_77' title="bbox 1227 1655 2255 1724; baseline -0.018 -11"><span class='ocrx_word' id='word_1_527' title='bbox 1227 1684 1292 1712; x_wconf 91' lang='lat' dir='ltr'><strong>tur</strong></span> <span class='ocrx_word' id='word_1_528' title='bbox 1311 1670 1462 1724; x_wconf 86' lang='grc' dir='ltr'>γεγονὼς</span> <span class='ocrx_word' id='word_1_529' title='bbox 1489 1669 1546 1709; x_wconf 78' lang='grc' dir='ltr'><strong>ἐπὶ</strong></span> <span class='ocrx_word' id='word_1_530' title='bbox 1568 1671 1630 1715; x_wconf 81' lang='grc' dir='ltr'>τῆς</span> <span class='ocrx_word' id='word_1_531' title='bbox 1654 1665 1819 1708; x_wconf 84' lang='grc' dir='ltr'>ἁλώσεως</span> <span class='ocrx_word' id='word_1_532' title='bbox 1839 1662 2024 1716; x_wconf 85' lang='grc' dir='ltr'>Σάρδεων,</span> <span class='ocrx_word' id='word_1_533' title='bbox 2048 1660 2121 1697; x_wconf 89' lang='lat' dir='ltr'><strong>hoc</strong></span> <span class='ocrx_word' id='word_1_534' title='bbox 2150 1658 2182 1696; x_wconf 93' lang='lat' dir='ltr'><strong>si</strong></span> <span class='ocrx_word' id='word_1_535' title='bbox 2205 1655 2255 1695; x_wconf 85' lang='lat' dir='ltr'><strong>ad</strong></span> 
     </span>
     <span class='ocr_line' id='line_1_78' title="bbox 1227 1717 2256 1772; baseline -0.019 1"><span class='ocrx_word' id='word_1_536' title='bbox 1227 1743 1378 1772; x_wconf 89' lang='lat' dir='ltr'><strong>nostras</strong></span> <span class='ocrx_word' id='word_1_537' title='bbox 1410 1732 1578 1770; x_wconf 87' lang='lat' dir='ltr'><strong>rationes</strong></span> <span class='ocrx_word' id='word_1_538' title='bbox 1602 1739 1783 1767; x_wconf 88' lang='lat' dir='ltr'><strong>revocare</strong></span> <span class='ocrx_word' id='word_1_539' title='bbox 1815 1722 2008 1768; x_wconf 82' lang='lat' dir='ltr'><strong>volueris,</strong></span> <span class='ocrx_word' id='word_1_540' title='bbox 2037 1717 2256 1758; x_wconf 85' lang='lat' dir='ltr'><strong>necessario</strong></span> 
     </span>
     <span class='ocr_line' id='line_1_79' title="bbox 1229 1775 2259 1844; baseline -0.018 -12"><span class='ocrx_word' id='word_1_541' title='bbox 1229 1792 1476 1844; x_wconf 81' lang='lat' dir='ltr'><strong>cogitandum</strong></span> <span class='ocrx_word' id='word_1_542' title='bbox 1502 1798 1559 1828; x_wconf 88' lang='lat' dir='ltr'><strong>est</strong></span> <span class='ocrx_word' id='word_1_543' title='bbox 1583 1788 1631 1826; x_wconf 90' lang='lat' dir='ltr'><strong>de</strong></span> <span class='ocrx_word' id='word_1_544' title='bbox 1654 1784 1841 1825; x_wconf 82' lang='lat' dir='ltr'><strong>Sardibus</strong></span> <span class='ocrx_word' id='word_1_545' title='bbox 1869 1781 1916 1820; x_wconf 89' lang='lat' dir='ltr'><strong>ab</strong></span> <span class='ocrx_word' id='word_1_546' title='bbox 1942 1779 2104 1819; x_wconf 90' lang='lat' dir='ltr'><strong>Ionibus</strong></span> <span class='ocrx_word' id='word_1_547' title='bbox 2135 1775 2259 1828; x_wconf 84' lang='lat' dir='ltr'><strong>captis</strong></span> 
     </span>
     <span class='ocr_line' id='line_1_80' title="bbox 1231 1835 2258 1904; baseline -0.019 -14"><span class='ocrx_word' id='word_1_548' title='bbox 1231 1853 1307 1904; x_wconf 90' lang='lat'><strong>(01.</strong></span> <span class='ocrx_word' id='word_1_549' title='bbox 1328 1853 1402 1901; x_wconf 82' lang='lat'><strong>69,</strong></span> <span class='ocrx_word' id='word_1_550' title='bbox 1435 1850 1483 1900; x_wconf 83' lang='grc' dir='ltr'><strong>ι),</strong></span> <span class='ocrx_word' id='word_1_551' title='bbox 1499 1857 1537 1886; x_wconf 90' lang='lat' dir='ltr'><strong>et</strong></span> <span class='ocrx_word' id='word_1_552' title='bbox 1558 1843 1706 1898; x_wconf 85' lang='grc' dir='ltr'>γεγονὼς</span> <span class='ocrx_word' id='word_1_553' title='bbox 1734 1856 1804 1895; x_wconf 90' lang='lat' dir='ltr'><strong>pro</strong></span> <span class='ocrx_word' id='word_1_554' title='bbox 1839 1850 1948 1878; x_wconf 78' lang='lat' dir='ltr'><strong>natas</strong></span> <span class='ocrx_word' id='word_1_555' title='bbox 1977 1837 2101 1889; x_wconf 87' lang='lat' dir='ltr'><strong>accipi</strong></span> <span class='ocrx_word' id='word_1_556' title='bbox 2130 1835 2258 1874; x_wconf 87' lang='lat' dir='ltr'><strong>debet.</strong></span> 
     </span>
     <span class='ocr_line' id='line_1_81' title="bbox 1233 1892 2262 1959; baseline -0.019 -9"><span class='ocrx_word' id='word_1_557' title='bbox 1233 1915 1329 1959; x_wconf 87' lang='lat' dir='ltr'><strong>Quae</strong></span> <span class='ocrx_word' id='word_1_558' title='bbox 1339 1910 1448 1947; x_wconf 86' lang='lat' dir='ltr'><strong>vocis</strong></span> <span class='ocrx_word' id='word_1_559' title='bbox 1461 1904 1732 1958; x_wconf 86' lang='lat' dir='ltr'><strong>interpretatio</strong></span> <span class='ocrx_word' id='word_1_560' title='bbox 1745 1900 1928 1953; x_wconf 88' lang='lat' dir='ltr'><strong>quoniam</strong></span> <span class='ocrx_word' id='word_1_561' title='bbox 1943 1899 2009 1936; x_wconf 85' lang='lat' dir='ltr'><strong>vix</strong></span> <span class='ocrx_word' id='word_1_562' title='bbox 2021 1892 2262 1935; x_wconf 87' lang='lat' dir='ltr'><strong>admittenda</strong></span> 
     </span>
     <span class='ocr_line' id='line_1_82' title="bbox 1233 1953 2263 2017; baseline -0.019 -8"><span class='ocrx_word' id='word_1_563' title='bbox 1233 1971 1295 2017; x_wconf 90' lang='lat' dir='ltr'><strong>sit,</strong></span> <span class='ocrx_word' id='word_1_564' title='bbox 1317 1971 1530 2009; x_wconf 88' lang='lat' dir='ltr'><strong>Creuzerus</strong></span> <span class='ocrx_word' id='word_1_565' title='bbox 1545 1964 1698 2017; x_wconf 87' lang='lat' dir='ltr'><strong>putavit</strong></span> <span class='ocrx_word' id='word_1_566' title='bbox 1719 1979 1735 1996; x_wconf 87' lang='lat'>«</span> <span class='ocrx_word' id='word_1_567' title='bbox 1750 1968 1950 2012; x_wconf 90' lang='lat' dir='ltr'><strong>peccatum</strong></span> <span class='ocrx_word' id='word_1_568' title='bbox 1964 1970 2044 1996; x_wconf 84' lang='lat' dir='ltr'><strong>esse</strong></span> <span class='ocrx_word' id='word_1_569' title='bbox 2058 1970 2078 1993; x_wconf 92' lang='lat' dir='ltr'><strong>a</strong></span> <span class='ocrx_word' id='word_1_570' title='bbox 2089 1953 2263 2000; x_wconf 87' lang='lat' dir='ltr'><strong>librario,</strong></span> 
     </span>
     <span class='ocr_line' id='line_1_83' title="bbox 1235 2012 2264 2082; baseline -0.019 -13"><span class='ocrx_word' id='word_1_571' title='bbox 1235 2031 1303 2082; x_wconf 93' lang='lat' dir='ltr'><strong>qui</strong></span> <span class='ocrx_word' id='word_1_572' title='bbox 1325 2041 1527 2080; x_wconf 89' lang='lat' dir='ltr'><strong>perperam</strong></span> <span class='ocrx_word' id='word_1_573' title='bbox 1549 2023 1778 2076; x_wconf 89' lang='lat' dir='ltr'><strong>repetiverit</strong></span> <span class='ocrx_word' id='word_1_574' title='bbox 1792 2019 1971 2073; x_wconf 83' lang='grc' dir='ltr'>Σάρδεων,</span> <span class='ocrx_word' id='word_1_575' title='bbox 1993 2012 2264 2055; x_wconf 85' lang='lat' dir='ltr'><strong>aberrantibus</strong></span> 
     </span>
     <span class='ocr_line' id='line_1_84' title="bbox 1236 2072 2266 2132; baseline -0.018 -4"><span class='ocrx_word' id='word_1_576' title='bbox 1236 2090 1357 2128; x_wconf 91' lang='lat' dir='ltr'><strong>oculis</strong></span> <span class='ocrx_word' id='word_1_577' title='bbox 1384 2087 1432 2125; x_wconf 90' lang='lat' dir='ltr'><strong>ab</strong></span> <span class='ocrx_word' id='word_1_578' title='bbox 1462 2087 1582 2124; x_wconf 88' lang='lat' dir='ltr'><strong>altera</strong></span> <span class='ocrx_word' id='word_1_579' title='bbox 1600 2085 1701 2122; x_wconf 90' lang='lat' dir='ltr'><strong>linea</strong></span> <span class='ocrx_word' id='word_1_580' title='bbox 1727 2081 1776 2120; x_wconf 87' lang='lat' dir='ltr'><strong>ad</strong></span> <span class='ocrx_word' id='word_1_581' title='bbox 1798 2081 1991 2132; x_wconf 90' lang='lat' dir='ltr'><strong>priorem,</strong></span> <span class='ocrx_word' id='word_1_582' title='bbox 2022 2075 2126 2114; x_wconf 87' lang='lat' dir='ltr'><strong>unde</strong></span> <span class='ocrx_word' id='word_1_583' title='bbox 2150 2072 2266 2111; x_wconf 88' lang='lat' dir='ltr'><strong>nobis</strong></span> 
     </span>
     <span class='ocr_line' id='line_1_85' title="bbox 1238 2134 2210 2188; baseline -0.018 0"><span class='ocrx_word' id='word_1_584' title='bbox 1238 2150 1460 2188; x_wconf 89' lang='lat' dir='ltr'><strong>obstrusum</strong></span> <span class='ocrx_word' id='word_1_585' title='bbox 1497 2147 1547 2184; x_wconf 91' lang='lat' dir='ltr'><strong>sit</strong></span> <span class='ocrx_word' id='word_1_586' title='bbox 1579 2145 1785 2182; x_wconf 87' lang='lat' dir='ltr'><strong>molestum</strong></span> <span class='ocrx_word' id='word_1_587' title='bbox 1817 2138 1913 2178; x_wconf 89' lang='lat' dir='ltr'><strong>illud</strong></span> <span class='ocrx_word' id='word_1_588' title='bbox 1938 2153 1946 2175; x_wconf 94' lang='lat'>:</span> <span class='ocrx_word' id='word_1_589' title='bbox 1976 2138 2016 2175; x_wconf 84' lang='grc' dir='ltr'><strong>ἐκ</strong></span> <span class='ocrx_word' id='word_1_590' title='bbox 2045 2134 2210 2187; x_wconf 84' lang='grc' dir='ltr'>Σάρδεων</span> 
     </span>
     <span class='ocr_line' id='line_1_86' title="bbox 1239 2192 2268 2259; baseline -0.019 -11"><span class='ocrx_word' id='word_1_591' title='bbox 1239 2208 1402 2250; x_wconf 82' lang='grc' dir='ltr'>ἁλώσεως</span> <span class='ocrx_word' id='word_1_592' title='bbox 1423 2205 1603 2259; x_wconf 89' lang='grc' dir='ltr'>Σάρδεων,</span> <span class='ocrx_word' id='word_1_593' title='bbox 1626 2215 1745 2255; x_wconf 89' lang='lat' dir='ltr'><strong>quum</strong></span> <span class='ocrx_word' id='word_1_594' title='bbox 1762 2198 1978 2251; x_wconf 85' lang='lat' dir='ltr'><strong>posteriore</strong></span> <span class='ocrx_word' id='word_1_595' title='bbox 1995 2197 2082 2233; x_wconf 92' lang='lat' dir='ltr'><strong>loco</strong></span> <span class='ocrx_word' id='word_1_596' title='bbox 2098 2192 2268 2232; x_wconf 85' lang='lat' dir='ltr'><strong>scriben-</strong></span> 
     </span>
     <span class='ocr_line' id='line_1_87' title="bbox 1241 2251 2268 2311; baseline -0.019 -5"><span class='ocrx_word' id='word_1_597' title='bbox 1241 2269 1332 2306; x_wconf 92' lang='lat' dir='ltr'><strong>dum</strong></span> <span class='ocrx_word' id='word_1_598' title='bbox 1349 2274 1448 2305; x_wconf 83' lang='lat' dir='ltr'><strong>esset</strong></span> <span class='ocrx_word' id='word_1_599' title='bbox 1463 2264 1614 2311; x_wconf 80' lang='grc' dir='ltr'>Ἀθηνῶν</span> <span class='ocrx_word' id='word_1_600' title='bbox 1627 2293 1638 2311; x_wconf 90' lang='grc'>,</span> <span class='ocrx_word' id='word_1_601' title='bbox 1659 2270 1702 2300; x_wconf 91' lang='lat' dir='ltr'><strong>ut</strong></span> <span class='ocrx_word' id='word_1_602' title='bbox 1718 2259 1853 2299; x_wconf 88' lang='lat' dir='ltr'><strong>Suidas</strong></span> <span class='ocrx_word' id='word_1_603' title='bbox 1870 2256 2046 2295; x_wconf 86' lang='lat' dir='ltr'><strong>floruisse</strong></span> <span class='ocrx_word' id='word_1_604' title='bbox 2069 2251 2268 2292; x_wconf 90' lang='lat' dir='ltr'><strong>Xanthum</strong></span> 
     </span>
     <span class='ocr_line' id='line_1_88' title="bbox 1241 2315 2271 2376; baseline -0.018 -11"><span class='ocrx_word' id='word_1_605' title='bbox 1241 2327 1359 2372; x_wconf 87' lang='lat' dir='ltr'><strong>dicat,</strong></span> <span class='ocrx_word' id='word_1_606' title='bbox 1377 2337 1455 2376; x_wconf 89' lang='lat' dir='ltr'><strong>qno</strong></span> <span class='ocrx_word' id='word_1_607' title='bbox 1475 2332 1650 2374; x_wconf 85' lang='lat' dir='ltr'><strong>tempore</strong></span> <span class='ocrx_word' id='word_1_608' title='bbox 1671 2319 1833 2358; x_wconf 88' lang='lat' dir='ltr'><strong>Athenae</strong></span> <span class='ocrx_word' id='word_1_609' title='bbox 1854 2330 1876 2354; x_wconf 91' lang='lat' dir='ltr'><strong>a</strong></span> <span class='ocrx_word' id='word_1_610' title='bbox 1892 2315 2015 2354; x_wconf 89' lang='lat' dir='ltr'><strong>Persis</strong></span> <span class='ocrx_word' id='word_1_611' title='bbox 2031 2316 2163 2352; x_wconf 87' lang='lat' dir='ltr'><strong>Xerxe</strong></span> <span class='ocrx_word' id='word_1_612' title='bbox 2182 2322 2271 2359; x_wconf 79' lang='lat' dir='ltr'><strong>rege</strong></span> 
     </span>
     <span class='ocr_line' id='line_1_89' title="bbox 1243 2372 2272 2437; baseline -0.019 -13"><span class='ocrx_word' id='word_1_613' title='bbox 1243 2394 1364 2437; x_wconf 82' lang='lat' dir='ltr'><strong>captae</strong></span> <span class='ocrx_word' id='word_1_614' title='bbox 1379 2391 1467 2421; x_wconf 91' lang='lat' dir='ltr'><strong>sunt</strong></span> <span class='ocrx_word' id='word_1_615' title='bbox 1483 2382 1558 2434; x_wconf 88' lang='lat' dir='ltr'><strong>(Ol.</strong></span> <span class='ocrx_word' id='word_1_616' title='bbox 1584 2381 1646 2428; x_wconf 90' lang='lat'><strong>75,</strong></span> <span class='ocrx_word' id='word_1_617' title='bbox 1672 2378 1720 2431; x_wconf 86' lang='lat'><strong>1).</strong></span> <span class='ocrx_word' id='word_1_618' title='bbox 1737 2395 1753 2412; x_wconf 86' lang='lat'>»</span> <span class='ocrx_word' id='word_1_619' title='bbox 1782 2380 1837 2415; x_wconf 91' lang='lat' dir='ltr'><strong>Ut</strong></span> <span class='ocrx_word' id='word_1_620' title='bbox 1858 2376 2026 2425; x_wconf 83' lang='lat' dir='ltr'><strong>ingenue</strong></span> <span class='ocrx_word' id='word_1_621' title='bbox 2043 2372 2176 2415; x_wconf 87' lang='lat' dir='ltr'><strong>fatear,</strong></span> <span class='ocrx_word' id='word_1_622' title='bbox 2193 2380 2272 2406; x_wconf 91' lang='lat' dir='ltr'><strong>ma-</strong></span> 
     </span>
     <span class='ocr_line' id='line_1_90' title="bbox 1244 2429 2275 2496; baseline -0.02 -13"><span class='ocrx_word' id='word_1_623' title='bbox 1244 2445 1300 2496; x_wconf 84' lang='lat' dir='ltr'><strong>gis</strong></span> <span class='ocrx_word' id='word_1_624' title='bbox 1327 2444 1410 2481; x_wconf 89' lang='lat' dir='ltr'><strong>haec</strong></span> <span class='ocrx_word' id='word_1_625' title='bbox 1433 2442 1494 2479; x_wconf 88' lang='lat' dir='ltr'><strong>vir</strong></span> <span class='ocrx_word' id='word_1_626' title='bbox 1523 2437 1766 2478; x_wconf 84' lang='lat' dir='ltr'><strong>venerandus</strong></span> <span class='ocrx_word' id='word_1_627' title='bbox 1795 2435 2011 2484; x_wconf 88' lang='lat' dir='ltr'><strong>disputasse</strong></span> <span class='ocrx_word' id='word_1_628' title='bbox 2032 2429 2204 2475; x_wconf 78' lang='lat' dir='ltr'><strong>videtur,</strong></span> <span class='ocrx_word' id='word_1_629' title='bbox 2231 2433 2275 2463; x_wconf 87' lang='lat' dir='ltr'><strong>ut</strong></span> 
     </span>
     <span class='ocr_line' id='line_1_91' title="bbox 1246 2489 2274 2544; baseline -0.018 -1"><span class='ocrx_word' id='word_1_630' title='bbox 1246 2504 1373 2544; x_wconf 87' lang='lat' dir='ltr'><strong>Suidae</strong></span> <span class='ocrx_word' id='word_1_631' title='bbox 1396 2500 1658 2540; x_wconf 87' lang='lat' dir='ltr'><strong>testimonium</strong></span> <span class='ocrx_word' id='word_1_632' title='bbox 1675 2497 1723 2535; x_wconf 86' lang='lat' dir='ltr'><strong>ad</strong></span> <span class='ocrx_word' id='word_1_633' title='bbox 1745 2496 1800 2534; x_wconf 92' lang='lat' dir='ltr'><strong>rei</strong></span> <span class='ocrx_word' id='word_1_634' title='bbox 1816 2493 2018 2532; x_wconf 88' lang='lat' dir='ltr'><strong>veritatem</strong></span> <span class='ocrx_word' id='word_1_635' title='bbox 2037 2489 2274 2534; x_wconf 84' lang='lat' dir='ltr'><strong>traduceret,</strong></span> 
     </span>
     <span class='ocr_line' id='line_1_92' title="bbox 1247 2545 2276 2616; baseline -0.019 -14"><span class='ocrx_word' id='word_1_636' title='bbox 1247 2576 1361 2616; x_wconf 89' lang='lat' dir='ltr'><strong>quam</strong></span> <span class='ocrx_word' id='word_1_637' title='bbox 1390 2570 1434 2599; x_wconf 91' lang='lat' dir='ltr'><strong>ut</strong></span> <span class='ocrx_word' id='word_1_638' title='bbox 1464 2559 1566 2610; x_wconf 88' lang='lat' dir='ltr'><strong>ejus,</strong></span> <span class='ocrx_word' id='word_1_639' title='bbox 1603 2569 1718 2608; x_wconf 88' lang='lat' dir='ltr'><strong>quem</strong></span> <span class='ocrx_word' id='word_1_640' title='bbox 1753 2551 2025 2605; x_wconf 82' lang='lat' dir='ltr'><strong>grammaticus</strong></span> <span class='ocrx_word' id='word_1_641' title='bbox 2061 2545 2276 2597; x_wconf 88' lang='lat' dir='ltr'><strong>exscripsit,</strong></span> 
     </span>
     <span class='ocr_line' id='line_1_93' title="bbox 1248 2604 2278 2674; baseline -0.02 -13"><span class='ocrx_word' id='word_1_642' title='bbox 1248 2622 1471 2674; x_wconf 88' lang='lat' dir='ltr'><strong>opinionem</strong></span> <span class='ocrx_word' id='word_1_643' title='bbox 1494 2617 1606 2656; x_wconf 89' lang='lat' dir='ltr'><strong>nobis</strong></span> <span class='ocrx_word' id='word_1_644' title='bbox 1625 2614 1806 2667; x_wconf 87' lang='lat' dir='ltr'><strong>aperiret.</strong></span> <span class='ocrx_word' id='word_1_645' title='bbox 1828 2610 1904 2650; x_wconf 88' lang='lat' dir='ltr'><strong>Sed</strong></span> <span class='ocrx_word' id='word_1_646' title='bbox 1924 2610 1972 2648; x_wconf 90' lang='lat' dir='ltr'><strong>de</strong></span> <span class='ocrx_word' id='word_1_647' title='bbox 1989 2609 2048 2646; x_wconf 92' lang='lat' dir='ltr'><strong>his</strong></span> <span class='ocrx_word' id='word_1_648' title='bbox 2068 2605 2200 2659; x_wconf 89' lang='lat' dir='ltr'><strong>paullo</strong></span> <span class='ocrx_word' id='word_1_649' title='bbox 2217 2604 2278 2642; x_wconf 86' lang='lat' dir='ltr'><strong>in-</strong></span> 
     </span>
     <span class='ocr_line' id='line_1_94' title="bbox 1251 2671 1892 2720; baseline -0.02 0"><span class='ocrx_word' id='word_1_650' title='bbox 1251 2682 1368 2720; x_wconf 89' lang='lat' dir='ltr'><strong>ferius</strong></span> <span class='ocrx_word' id='word_1_651' title='bbox 1389 2679 1462 2717; x_wconf 91' lang='lat' dir='ltr'><strong>erit</strong></span> <span class='ocrx_word' id='word_1_652' title='bbox 1483 2689 1608 2716; x_wconf 88' lang='lat' dir='ltr'><strong>sermo</strong></span> <span class='ocrx_word' id='word_1_653' title='bbox 1622 2671 1892 2712; x_wconf 86' lang='lat' dir='ltr'><strong>instituendus.</strong></span> 
     </span>
    </p>

    <p class='ocr_par' dir='ltr' id='par_1_12' title="bbox 1252 2730 2282 2965">
     <span class='ocr_line' id='line_1_95' title="bbox 1305 2730 2280 2790; baseline -0.021 -12"><span class='ocrx_word' id='word_1_654' title='bbox 1305 2738 1465 2790; x_wconf 88' lang='lat' dir='ltr'><strong>Scripsit</strong></span> <span class='ocrx_word' id='word_1_655' title='bbox 1485 2734 1667 2775; x_wconf 81' lang='lat' dir='ltr'><strong>Xanthus</strong></span> <span class='ocrx_word' id='word_1_656' title='bbox 1688 2731 1876 2782; x_wconf 87' lang='lat' dir='ltr'><strong>Lydiaca,</strong></span> <span class='ocrx_word' id='word_1_657' title='bbox 1905 2738 2071 2778; x_wconf 81' lang='lat' dir='ltr'><strong>quorum</strong></span> <span class='ocrx_word' id='word_1_658' title='bbox 2095 2730 2280 2776; x_wconf 84' lang='lat' dir='ltr'><strong>quattuor</strong></span> 
     </span>
     <span class='ocr_line' id='line_1_96' title="bbox 1252 2782 2281 2846; baseline -0.021 -8"><span class='ocrx_word' id='word_1_659' title='bbox 1252 2807 1362 2838; x_wconf 89' lang='lat' dir='ltr'><strong>erant</strong></span> <span class='ocrx_word' id='word_1_660' title='bbox 1376 2796 1467 2835; x_wconf 90' lang='lat' dir='ltr'><strong>libri</strong></span> <span class='ocrx_word' id='word_1_661' title='bbox 1481 2795 1531 2846; x_wconf 84' lang='lat'><strong>2).</strong></span> <span class='ocrx_word' id='word_1_662' title='bbox 1556 2797 1703 2832; x_wconf 88' lang='lat' dir='ltr'><strong>Verum</strong></span> <span class='ocrx_word' id='word_1_663' title='bbox 1716 2789 1877 2842; x_wconf 89' lang='lat' dir='ltr'><strong>quaestio</strong></span> <span class='ocrx_word' id='word_1_664' title='bbox 1892 2795 1950 2825; x_wconf 83' lang='lat' dir='ltr'><strong>est</strong></span> <span class='ocrx_word' id='word_1_665' title='bbox 1962 2785 2124 2824; x_wconf 91' lang='lat' dir='ltr'><strong>multum</strong></span> <span class='ocrx_word' id='word_1_666' title='bbox 2139 2782 2281 2830; x_wconf 86' lang='lat' dir='ltr'><strong>diuque</strong></span> 
     </span>
     <span class='ocr_line' id='line_1_97' title="bbox 1255 2842 2282 2909; baseline -0.022 -12"><span class='ocrx_word' id='word_1_667' title='bbox 1255 2859 1411 2909; x_wconf 79' lang='lat' dir='ltr'><strong>agitata,</strong></span> <span class='ocrx_word' id='word_1_668' title='bbox 1422 2863 1551 2894; x_wconf 90' lang='lat' dir='ltr'><strong>utrum</strong></span> <span class='ocrx_word' id='word_1_669' title='bbox 1562 2866 1621 2899; x_wconf 84' lang='lat' dir='ltr'><strong>ea,</strong></span> <span class='ocrx_word' id='word_1_670' title='bbox 1631 2864 1717 2902; x_wconf 83' lang='lat' dir='ltr'><strong>quae</strong></span> <span class='ocrx_word' id='word_1_671' title='bbox 1733 2847 1837 2900; x_wconf 86' lang='lat' dir='ltr'><strong>apud</strong></span> <span class='ocrx_word' id='word_1_672' title='bbox 1853 2854 1999 2884; x_wconf 86' lang='lat' dir='ltr'><strong>veteres</strong></span> <span class='ocrx_word' id='word_1_673' title='bbox 2013 2842 2222 2893; x_wconf 87' lang='lat' dir='ltr'><strong>scriptores</strong></span> <span class='ocrx_word' id='word_1_674' title='bbox 2234 2849 2282 2875; x_wconf 78' lang='lat' dir='ltr'><strong>ex</strong></span> 
     </span>
     <span class='ocr_line' id='line_1_98' title="bbox 1255 2895 2282 2965; baseline -0.022 -9"><span class='ocrx_word' id='word_1_675' title='bbox 1255 2916 1404 2960; x_wconf 87' lang='lat' dir='ltr'><strong>Xanthi</strong></span> <span class='ocrx_word' id='word_1_676' title='bbox 1426 2913 1604 2965; x_wconf 82' lang='lat' dir='ltr'><strong>Lydiacis</strong></span> <span class='ocrx_word' id='word_1_677' title='bbox 1620 2910 1846 2954; x_wconf 89' lang='lat' dir='ltr'><strong>laudantur,</strong></span> <span class='ocrx_word' id='word_1_678' title='bbox 1867 2916 2003 2943; x_wconf 87' lang='lat' dir='ltr'><strong>revera</strong></span> <span class='ocrx_word' id='word_1_679' title='bbox 2023 2901 2099 2940; x_wconf 89' lang='lat' dir='ltr'><strong>sint</strong></span> <span class='ocrx_word' id='word_1_680' title='bbox 2120 2895 2282 2943; x_wconf 86' lang='lat' dir='ltr'><strong>Xanthi,</strong></span> 
     </span>
    </p>
   </div>
   <div class='ocr_carea' id='block_1_9' title="bbox 1261 3029 2290 3423">
    <p class='ocr_par' dir='ltr' id='par_1_13' title="bbox 1261 3029 2286 3269">
     <span class='ocr_line' id='line_1_99' title="bbox 1303 3029 2286 3087; baseline -0.024 -7"><span class='ocrx_word' id='word_1_681' title='bbox 1303 3046 1348 3087; x_wconf 91' lang='lat'><strong>(1)</strong></span> <span class='ocrx_word' id='word_1_682' title='bbox 1364 3045 1478 3079; x_wconf 85' lang='lat' dir='ltr'><strong>Suidas</strong></span> <span class='ocrx_word' id='word_1_683' title='bbox 1494 3053 1501 3075; x_wconf 87' lang='lat'>:</span> <span class='ocrx_word' id='word_1_684' title='bbox 1518 3042 1646 3080; x_wconf 83' lang='grc' dir='ltr'>Ξάνθος,</span> <span class='ocrx_word' id='word_1_685' title='bbox 1661 3037 1860 3075; x_wconf 76' lang='grc' dir='ltr'>Κανδαύλου,</span> <span class='ocrx_word' id='word_1_686' title='bbox 1877 3033 1976 3069; x_wconf 85' lang='grc' dir='ltr'>Λυδὸς</span> <span class='ocrx_word' id='word_1_687' title='bbox 1989 3032 2024 3063; x_wconf 82' lang='grc' dir='ltr'><strong>ἐκ</strong></span> <span class='ocrx_word' id='word_1_688' title='bbox 2039 3029 2189 3071; x_wconf 79' lang='grc' dir='ltr'>Σάρδεων·</span> <span class='ocrx_word' id='word_1_689' title='bbox 2204 3029 2286 3058; x_wconf 81' lang='grc' dir='ltr'>ἱστο-</span> 
     </span>
     <span class='ocr_line' id='line_1_100' title="bbox 1261 3073 2286 3138; baseline -0.023 -11"><span class='ocrx_word' id='word_1_690' title='bbox 1261 3095 1361 3138; x_wconf 85' lang='grc' dir='ltr'>ρικός·</span> <span class='ocrx_word' id='word_1_691' title='bbox 1386 3093 1520 3134; x_wconf 79' lang='grc' dir='ltr'>γεγονὼς</span> <span class='ocrx_word' id='word_1_692' title='bbox 1536 3090 1586 3122; x_wconf 83' lang='grc' dir='ltr'><strong>ἐπὶ</strong></span> <span class='ocrx_word' id='word_1_693' title='bbox 1613 3091 1666 3126; x_wconf 79' lang='grc' dir='ltr'>τῆς</span> <span class='ocrx_word' id='word_1_694' title='bbox 1681 3086 1828 3120; x_wconf 79' lang='grc' dir='ltr'>ἁλώσεως</span> <span class='ocrx_word' id='word_1_695' title='bbox 1852 3081 2002 3123; x_wconf 85' lang='grc' dir='ltr'>Σάρδεων·</span> <span class='ocrx_word' id='word_1_696' title='bbox 2023 3076 2164 3109; x_wconf 81' lang='grc' dir='ltr'>Λυδιακὰ</span> <span class='ocrx_word' id='word_1_697' title='bbox 2183 3073 2286 3115; x_wconf 55' lang='lat' dir='ltr'><strong>§amia</strong></span> 
     </span>
     <span class='ocr_line' id='line_1_101' title="bbox 1262 3119 2285 3178; baseline -0.025 -3"><span class='ocrx_word' id='word_1_698' title='bbox 1262 3143 1300 3174; x_wconf 86' lang='grc' dir='ltr'><strong>δ’.</strong></span> <span class='ocrx_word' id='word_1_699' title='bbox 1317 3159 1358 3164; x_wconf 88' lang='grc'><strong>-</strong></span> <span class='ocrx_word' id='word_1_700' title='bbox 1375 3141 1423 3172; x_wconf 90' lang='lat' dir='ltr'><strong>De</strong></span> <span class='ocrx_word' id='word_1_701' title='bbox 1441 3136 1571 3178; x_wconf 86' lang='lat' dir='ltr'><strong>reliquis</strong></span> <span class='ocrx_word' id='word_1_702' title='bbox 1593 3132 1732 3167; x_wconf 80' lang='lat' dir='ltr'><strong>Xanthis</strong></span> <span class='ocrx_word' id='word_1_703' title='bbox 1750 3140 1783 3162; x_wconf 78' lang='lat' dir='ltr'><strong>v,</strong></span> <span class='ocrx_word' id='word_1_704' title='bbox 1807 3125 2022 3170; x_wconf 81' lang='lat' dir='ltr'><strong>spanhemius</strong></span> <span class='ocrx_word' id='word_1_705' title='bbox 2036 3122 2075 3155; x_wconf 85' lang='lat' dir='ltr'><strong>ad</strong></span> <span class='ocrx_word' id='word_1_706' title='bbox 2098 3119 2285 3154; x_wconf 76' lang='lat' dir='ltr'><strong>callimach.</strong></span> 
     </span>
     <span class='ocr_line' id='line_1_102' title="bbox 1264 3169 2286 3224; baseline -0.023 -3"><span class='ocrx_word' id='word_1_707' title='bbox 1264 3188 1334 3220; x_wconf 88' lang='lat' dir='ltr'><strong>Del.</strong></span> <span class='ocrx_word' id='word_1_708' title='bbox 1353 3195 1384 3218; x_wconf 76' lang='lat' dir='ltr'><strong>V.</strong></span> <span class='ocrx_word' id='word_1_709' title='bbox 1401 3189 1452 3218; x_wconf 82' lang='lat'><strong>41.</strong></span> <span class='ocrx_word' id='word_1_710' title='bbox 1475 3183 1530 3224; x_wconf 79' lang='lat' dir='ltr'><strong>Cf.</strong></span> <span class='ocrx_word' id='word_1_711' title='bbox 1547 3180 1673 3215; x_wconf 69' lang='lat' dir='ltr'><strong>Fabi-ic.</strong></span> <span class='ocrx_word' id='word_1_712' title='bbox 1700 3178 1782 3211; x_wconf 86' lang='lat' dir='ltr'><strong>Bibl.</strong></span> <span class='ocrx_word' id='word_1_713' title='bbox 1800 3178 1856 3209; x_wconf 93' lang='lat' dir='ltr'><strong>Gr.</strong></span> <span class='ocrx_word' id='word_1_714' title='bbox 1879 3173 1929 3206; x_wconf 86' lang='lat' dir='ltr'><strong>ed.</strong></span> <span class='ocrx_word' id='word_1_715' title='bbox 1945 3171 2069 3204; x_wconf 76' lang='lat' dir='ltr'><strong>Han-les.</strong></span> <span class='ocrx_word' id='word_1_716' title='bbox 2089 3172 2169 3201; x_wconf 83' lang='lat' dir='ltr'><strong>tom.</strong></span> <span class='ocrx_word' id='word_1_717' title='bbox 2185 3169 2236 3207; x_wconf 65' lang='lat'><strong>111,</strong></span> <span class='ocrx_word' id='word_1_718' title='bbox 2253 3174 2286 3207; x_wconf 90' lang='lat' dir='ltr'><strong>p.</strong></span> 
     </span>
     <span class='ocr_line' id='line_1_103' title="bbox 1268 3239 1339 3269; baseline -0.042 0"><span class='ocrx_word' id='word_1_719' title='bbox 1268 3239 1339 3269; x_wconf 71' lang='lat'><strong>159.</strong></span> 
     </span>
    </p>

    <p class='ocr_par' dir='ltr' id='par_1_14' title="bbox 1268 3261 2290 3423">
     <span class='ocr_line' id='line_1_104' title="bbox 1310 3261 2290 3323; baseline -0.024 -8"><span class='ocrx_word' id='word_1_720' title='bbox 1310 3282 1354 3323; x_wconf 84' lang='lat'><strong>(2)</strong></span> <span class='ocrx_word' id='word_1_721' title='bbox 1369 3279 1487 3313; x_wconf 81' lang='lat' dir='ltr'><strong>Xanthi</strong></span> <span class='ocrx_word' id='word_1_722' title='bbox 1505 3277 1645 3319; x_wconf 80' lang='lat' dir='ltr'><strong>Lydiaca</strong></span> <span class='ocrx_word' id='word_1_723' title='bbox 1666 3273 1835 3313; x_wconf 78' lang='lat' dir='ltr'><strong>Menippus</strong></span> <span class='ocrx_word' id='word_1_724' title='bbox 1861 3267 1994 3310; x_wconf 84' lang='lat' dir='ltr'><strong>quidam</strong></span> <span class='ocrx_word' id='word_1_725' title='bbox 2012 3266 2045 3298; x_wconf 89' lang='lat' dir='ltr'><strong>in</strong></span> <span class='ocrx_word' id='word_1_726' title='bbox 2061 3261 2290 3305; x_wconf 81' lang='lat' dir='ltr'><strong>compendium</strong></span> 
     </span>
     <span class='ocr_line' id='line_1_105' title="bbox 1269 3313 2290 3374; baseline -0.023 -7"><span class='ocrx_word' id='word_1_727' title='bbox 1269 3334 1405 3374; x_wconf 84' lang='lat' dir='ltr'><strong>redegit,</strong></span> <span class='ocrx_word' id='word_1_728' title='bbox 1425 3334 1504 3364; x_wconf 84' lang='lat' dir='ltr'><strong>teste</strong></span> <span class='ocrx_word' id='word_1_729' title='bbox 1520 3330 1610 3368; x_wconf 77' lang='lat' dir='ltr'><strong>Diog.</strong></span> <span class='ocrx_word' id='word_1_730' title='bbox 1625 3328 1728 3360; x_wconf 85' lang='lat' dir='ltr'><strong>Laert.</strong></span> <span class='ocrx_word' id='word_1_731' title='bbox 1748 3325 1793 3356; x_wconf 85' lang='lat' dir='ltr'><strong>Vl</strong></span> <span class='ocrx_word' id='word_1_732' title='bbox 1806 3346 1815 3362; x_wconf 95' lang='lat'><strong>,</strong></span> <span class='ocrx_word' id='word_1_733' title='bbox 1833 3326 1885 3354; x_wconf 84' lang='grc'><strong>101</strong></span> <span class='ocrx_word' id='word_1_734' title='bbox 1907 3331 1915 3350; x_wconf 89' lang='lat'><strong>:</strong></span> <span class='ocrx_word' id='word_1_735' title='bbox 1937 3318 2121 3360; x_wconf 82' lang='grc' dir='ltr'>(Μένιππος)</span> <span class='ocrx_word' id='word_1_736' title='bbox 2139 3317 2156 3347; x_wconf 88' lang='grc' dir='ltr'><strong>ὁ</strong></span> <span class='ocrx_word' id='word_1_737' title='bbox 2171 3313 2290 3357; x_wconf 81' lang='grc' dir='ltr'>γράψας</span> 
     </span>
     <span class='ocr_line' id='line_1_106' title="bbox 1268 3368 1968 3423; baseline -0.024 -8"><span class='ocrx_word' id='word_1_738' title='bbox 1268 3383 1307 3414; x_wconf 77' lang='grc' dir='ltr'><strong>τὰ</strong></span> <span class='ocrx_word' id='word_1_739' title='bbox 1322 3382 1389 3423; x_wconf 83' lang='grc' dir='ltr'>περὶ</span> <span class='ocrx_word' id='word_1_740' title='bbox 1410 3380 1520 3412; x_wconf 77' lang='grc' dir='ltr'>Λυδῶν</span> <span class='ocrx_word' id='word_1_741' title='bbox 1535 3377 1587 3408; x_wconf 79' lang='grc' dir='ltr'>καὶ</span> <span class='ocrx_word' id='word_1_742' title='bbox 1607 3374 1724 3406; x_wconf 83' lang='grc' dir='ltr'>Ξάνθον</span> <span class='ocrx_word' id='word_1_743' title='bbox 1740 3368 1968 3403; x_wconf 62' lang='grc' dir='ltr'>ἐπιτεαόυενος.</span> 
     </span>
    </p>
   </div>
  </div>
 </body>
</html>
