2320 3684
665 124 1000 166 APOLLODORI
1027 124 1386 165 BIBLIOTHECAE
1413 126 1493 178 ΙΙΙ,
1525 132 1586 165 12.

71 213 284 266 Αἰγεωνεὺς,
297 212 466 257 Λυσίθοος
480 243 490 262 ,
507 209 739 262 Πολυμέδων.
753 208 955 263 Θυγατέρες
969 207 1006 246 δὲ
1021 207 1101 247 Μέ-

69 273 196 322 δουσα,
215 271 490 321 Μηδεσικάστη,
508 269 704 322 Λυσιμάχη
717 299 728 318 ,
748 266 998 323 Ἀριστοδήμη.

124 331 179 385 (6)
203 332 348 386 ‘'Ex-rwp
375 330 440 382 μὲν
456 323 515 368 οὗν
536 326 791 382 ’Ἀνδρομάχην
822 325 886 374 τὴν
916 324 1102 369 Ἠετίωνος

69 396 197 442 γαμεῖ,
227 387 450 443 Ἀλέξανδρος
478 385 515 425 δὲ
547 385 708 434 Οἰνώνην
733 385 797 433 τὴν
830 383 1008 439 Κεόρῆνος
1040 387 1102 422 τοῦ

69 452 232 501 ποταμοῦ
259 446 442 501 θυγατέρα.
465 447 482 472 ²
494 445 592 494 Αὕτη
612 444 709 499 παρὰ
728 443 832 488 Ῥέας
846 442 910 491 τὴν
930 441 1102 496 μαντικὴν

72 510 233 559 μαθοῦσα
248 537 258 556 ,
275 504 464 560 προῦλεγεν
484 504 698 558 Ἀλεξάνδρῳ
718 502 767 555 μὴ
785 504 885 542 πλεῖν
913 502 971 541 ἐπὶ
994 499 1103 540 Ἑλέ-

70 581 135 614 νην
150 582 162 591 ·
177 564 226 618 μὴ
246 564 413 604 πείθουσα
431 562 469 602 δὲ
487 557 596 612 εἶπεν,
610 562 669 601 ἐὰν
687 565 827 617 τρωθῇ,
843 558 1104 615 παραγενέσθαι

71 624 158 679 πρὸς
171 623 298 671 αὐτήν·
318 621 428 675 μόνην
448 622 515 676 γὰρ
541 624 755 676 θεραπεῦσαι
774 619 953 660 δύνασθαι.
976 618 1048 658 Τὸν
1067 617 1104 656 δὲ

72 681 221 731 Ἑλένην
250 683 290 720 ἐκ
325 681 494 735 Σπάρτης
529 680 698 734 ἁρπάσαι.
723 679 740 704 3
758 676 1035 730 Πολεμουμένης
1067 675 1104 715 δὲ

73 741 226 796 Τροίας,
250 739 454 787 τοξευθέντα
485 739 553 778 ὑπὸ
591 738 817 786 Φιλοκτήτου
849 736 960 783 τόξοις
986 735 1105 791 Ἥρα-

72 800 220 850 κλείοις,
244 799 330 854 πρὸς
356 798 517 846 Οἰνώνην
549 799 749 837 ἐπανελθεῖν
784 799 831 841 εἰς
857 795 968 843 Ἴδην.
993 795 1039 835 Ἡ
1069 792 1106 833 δὲ

73 863 342 910 μνησικακοῦσα
359 861 570 912 θεραπεῦσαι
593 858 657 895 οὒκ
670 856 750 911 ἔφη.
770 856 788 881 4
802 854 1023 908 Ἀλέξανδρος
1042 852 1105 906 μὲν

73 913 133 958 οῦν
153 920 200 962 εἷς
219 917 351 972 Τροίαν
369 915 597 968 κομιζόμενος
623 914 786 954 ἐτελεύτα
799 930 807 939 ·
830 913 971 962 Οἰνώνη
989 913 1025 952 δὲ
1046 928 1109 965 με-

73 977 278 1025 τανοήσασα
305 975 350 1016 τὰ
369 975 455 1030 πρὸς
485 973 670 1029 θεραπείαν
692 973 863 1028 φάρμακα
897 971 1017 1027 ἔφερε·
1047 971 1107 1011 καὶ

73 1035 325 1075 καταλαὸοῦσα
342 1034 445 1073 αὐτὸν
464 1033 587 1088 νεκρὸν
606 1032 733 1080 ἑαυτὴν
754 1032 962 1086 ἀνήρτησεν.

127 1094 200 1134 5‘0
220 1093 257 1133 δὲ
274 1094 429 1138 Ἀσωπὸς
444 1092 613 1144 ποταμὸς,
637 1091 807 1132 Ὠκεανοῦ
821 1091 880 1130 καὶ
894 1089 1043 1139 Τηθύος·
1063 1091 1110 1133 ὣς

75 1152 112 1193 δὲ
126 1153 349 1197 Ἀκουσίλαος
364 1151 480 1204 λέγει,
502 1154 643 1205 Πηροῦς
665 1150 725 1189 καὶ
752 1150 989 1192 Ποσειδῶνος·
1007 1150 1053 1192 ὡς
1073 1146 1110 1186 δέ

74 1227 186 1261 τινες,
206 1211 287 1256 Διὸς
311 1211 372 1250 καὶ
393 1208 612 1265 Εὐρυνόμης.
640 1204 754 1254 Οῧτος
784 1208 965 1255 Μετώπην
987 1206 1111 1259 γημά-

76 1286 179 1323 μενος
196 1271 372 1323 (Λάδωνος
392 1270 428 1308 δὲ
456 1273 517 1308 τοῦ
537 1272 699 1321 ποταμοῦ
728 1268 884 1321 θυγάτηρ
910 1265 1031 1318 αὕτη),
1051 1265 1111 1303 δύο

77 1329 142 1382 μὲν
159 1330 286 1374 παῖδας
302 1328 502 1381 ἐγέννησεν,
517 1327 681 1379 Ἰσμηνὸν
711 1326 772 1365 καὶ
805 1325 1014 1377 Πελάγοντα
1027 1355 1037 1373 ,
1064 1323 1113 1362 εἴ-

75 1404 156 1427 κοσι
168 1387 204 1427 δὲ
221 1387 422 1442 θυγατέρας·
439 1389 456 1414 6
465 1381 513 1426 ὧν
527 1386 590 1438 μὲν
601 1386 683 1438 μίαν
695 1385 843 1437 Αἴγιναν
857 1384 996 1439 ἥρπασε
1013 1382 1111 1427 Ζεύς.

77 1447 224 1496 Ταύτην
244 1448 398 1492 Ἀσωπὸς
417 1449 546 1495 ζητῶν,
565 1442 649 1495 ἧκεν
669 1448 716 1490 εἷς
736 1445 903 1507 Κόρινθον
915 1475 925 1494 ,
942 1443 1002 1483 καὶ
1024 1458 1112 1494 μαν-

77 1507 174 1546 θάνει
193 1506 291 1561 παρὰ
309 1505 466 1560 Σισύφου
485 1505 544 1544 τὸν
562 1504 748 1559 ἡρπακότα
766 1508 855 1543 εἶναι
868 1503 948 1543 Δία.
970 1501 1056 1546 Ζεὺς
1076 1500 1112 1540 δὲ

77 1565 236 1605 Ἀσωπὸν
267 1565 330 1617 μὲν
363 1563 589 1620 κεραυνώσας
622 1563 815 1612 διώκοντα,
844 1563 950 1602 πάλιν
981 1562 1038 1600 ἐπὶ
1068 1559 1113 1599 τὰ

77 1625 191 1664 οἰκεῖα
204 1623 393 1678 ἀπέπεμψε
411 1627 540 1678 ῥεῖθρα.
559 1623 629 1663 Διὰ
650 1627 754 1662 τοῦτο
781 1621 888 1677 μέχρι
910 1621 970 1660 καὶ
995 1625 1055 1660 νῦν
1073 1622 1113 1660 ἐκ

77 1686 147 1723 τῶν
163 1682 287 1723 τούτου
307 1682 448 1737 ῥείθρων
469 1680 637 1736 ἄνθρακες
657 1680 835 1736 φέρονται.

131 1743 147 1768 ⁷
159 1742 307 1795 Αἴγιναν
327 1741 364 1780 δὲ
372 1740 576 1793 εἰσκομίσας
596 1742 643 1785 εἰς
660 1739 724 1788 τὴν
740 1739 820 1779 τότε
834 1738 995 1786 Οἰνώνην
1008 1739 1114 1790 λεγο-

79 1801 188 1854 μένην
206 1805 326 1850 νῆσον,
348 1804 408 1839 νῦν
429 1798 465 1838 δὲ
486 1799 636 1852 Αἴγιναν
661 1800 721 1838 ἀπ’
749 1798 882 1846 ἐκείνης
910 1799 1113 1846 κληθεῖσαν,

80 1861 264 1914 μίγνυται,
284 1860 344 1899 καὶ
363 1865 479 1899 τεκνοῖ
495 1860 605 1899 παῖδα
626 1858 661 1904 ἐξ
681 1860 789 1906 αὐτῆς
814 1855 959 1897 Αἴακόν.
986 1855 1114 1910 Τούτῳ

79 1919 168 1964 Ζεὺς
184 1917 258 1958 ὄντι
272 1917 368 1973 μόνῳ
386 1920 422 1957 ἐν
437 1922 480 1971 τῇ
497 1918 595 1972 νήσῳ
609 1916 688 1962 τοὺς
707 1916 895 1969 μύρμηκας
912 1915 1115 1970 ἀνθρώπους

79 1979 235 2027 ἐποίησε.
263 1979 403 2030 ὃΓαμεῖ
417 1977 454 2016 δὲ
465 1973 776 2024 ΑἰακὸςἘνδηίδα
793 1975 856 2024 τὴν
870 1974 1065 2029 Σκίρωνος,
1080 1973 1114 2019 ἐξ

79 2033 122 2087 ἧς
145 2039 239 2090 αὐτῷ
256 2037 379 2081 παῖδες
410 2036 569 2090 ἐγένοντο
596 2035 736 2084 Πηλεύς
767 2051 804 2074 τε
837 2034 897 2074 καὶ
923 2032 1113 2085 Τελαμών.

81 2097 284 2152 Φερεκύδης
316 2097 354 2137 δέ
386 2114 472 2153 φησι
496 2099 698 2149 Τελαμῶνα
723 2096 836 2152 φίλον,
866 2097 930 2134 οὐκ
967 2093 1113 2148 ἀδελφὸν

82 2156 233 2205 Πηλέως
246 2151 354 2206 εἶναι,
375 2157 466 2196 ἀλλὰ
486 2157 647 2196 Ἀκταίου
669 2155 846 2210 (Ἄκτορος
865 2155 895 2201 Ρ)
922 2155 1033 2193 παῖδα
1053 2153 1113 2192 καὶ

85 2215 251 2264 Γλαύκης
282 2219 345 2263 τῆς
364 2215 546 2270 Κυχρέως.
567 2215 769 2267 9Μίγνυται
800 2214 837 2253 δὲ
867 2208 965 2258 αὖθις
984 2212 1115 2257 Αἰακὸς

83 2277 250 2330 Ψαμάθῃ
267 2280 311 2330 τῇ
331 2276 478 2331 Νηρέως
496 2278 543 2321 εἷς
571 2275 684 2330 φύκην
703 2273 911 2327 ἠλλαγμένῃ
930 2274 987 2313 διὰ
1001 2274 1042 2313 τὸ
1062 2273 1112 2325 μὴ

84 2335 269 2389 βούλεσθαι
289 2338 477 2385 συνελθεῖν,
494 2335 554 2375 καὶ
569 2341 685 2374 τεκνοῖ
700 2335 809 2373 παῖδα
826 2336 970 2374 Φῶκον.

140 2388 249 2434 1οἛἨν
269 2394 305 2434 δὲ
325 2393 573 2438 εὖσεὸέστατος
593 2394 758 2433 ἁπάντων
778 2391 920 2436 Αἰακός.
941 2392 1004 2431 Διὸ
1034 2392 1113 2441 καὶ,

82 2452 146 2501 τὴν
173 2452 333 2493 Ἑλλάδα
358 2453 577 2506 κατεχούσης
605 2452 750 2507 ἀφορίας
778 2451 835 2491 διὰ
863 2451 1033 2500 Πέλοπα,
1061 2450 1114 2490 ὅτι

77 2513 291 2568 ’Στυμφάλῳ
308 2515 358 2566 τῷ
384 2514 522 2566 βασιλεῖ
541 2514 610 2551 τῶν
629 2512 807 2566 Ἀρκάδων
841 2512 1020 2563 πολεμῶν,
1050 2509 1113 2558 τὴν

83 2571 268 2627 Ἀρκαδίαν
286 2574 375 2610 ἑλεῖν
403 2571 452 2623 μὴ
473 2571 683 2623 δυνάμενος,
705 2569 1035 2625 προσποιησάμενος
1054 2585 1114 2624 φι-

82 2630 174 2680 λίαν,
185 2630 333 2670 ἔκτεινεν
351 2630 454 2670 αὐτὸν
471 2630 531 2669 καὶ
548 2629 722 2685 διέσπειρε
752 2625 932 2682 μελεΐσας,
956 2627 1112 2683 χρησμοὶ

84 2693 168 2731 θεῶν
189 2691 321 2744 ἔλεγον,
350 2690 664 2743 ἀπαλλαγήσεσθαι
681 2692 752 2729 τῶν
772 2688 972 2728 ἐνεστώτων
993 2691 1112 2728 κακῶν

83 2748 147 2798 τὴν
161 2749 342 2798 Ἑλλάδα,
357 2749 416 2789 ἐὰν
437 2749 568 2793 Αἰακὸς
591 2748 677 2803 ὑπὲρ
701 2751 809 2796 αὖτῆς
832 2748 938 2802 εὐχὰς
958 2747 1114 2796 ποιήση-

84 2825 154 2848 ται.
175 2811 203 2835 ¹¹
217 2808 465 2861 Ποιησαμένου
487 2807 523 2847 δὲ
537 2808 643 2861 εὐχὰς
658 2810 807 2856 Αἰακοῦ,
817 2811 880 2854 τῆς
900 2806 1075 2861 ἀκαρπίας
1090 2810 1112 2854 ἡ

84 2866 214 2912 Ἑλλὰς
233 2869 504 2907 ἀπαλλάττεται.
525 2870 685 2919 Τιμᾶται
702 2866 738 2905 δὲ
753 2867 812 2905 καὶ
831 2866 928 2920 παρὰ
946 2865 1115 2905 Πλούτω-

86 2941 120 2965 νι
137 2926 347 2974 τελευτήσας
367 2926 499 2970 Αἰακὸς
507 2957 518 2975 ,
537 2926 598 2964 καὶ
622 2924 684 2970 τὰς
715 2927 808 2970 κλεῖς
833 2929 894 2964 τοῦ
925 2924 1030 2983 ᾍδου
1048 2940 1117 2979 φυ-

86 2985 216 3025 λάττει.

143 3042 415 3098 12Διαφέροντος
431 3043 468 3082 δὲ
483 3046 517 3083 ἓν
535 3050 606 3088 τοῖς
625 3046 738 3096 ἀγῶσι
752 3043 898 3092 Φώκου,
915 3041 994 3087 τοὺς
1012 3043 1114 3081 ἀδελ-

75 3102 170 3156 ,φοὺς
189 3102 316 3151 Πηλέα
331 3103 391 3142 καὶ
409 3105 612 3155 Τελαμῶνα
629 3103 895 3142 ἐπιδουλεῦσαι·
916 3102 975 3141 καὶ
995 3101 1117 3154 λαχὼν

88 3160 207 3215 κλήρῳ
224 3160 398 3212 Τελαμὼν
425 3161 753 3213 συγγυμναζόμενον
777 3161 895 3210 αὐτὸν,
925 3160 1041 3214 βαλὼν
1063 3160 1119 3198 δί-

89 3235 163 3273 σκῳ
176 3218 267 3258 κατὰ
295 3222 357 3266 τῆς
382 3222 555 3274 κεφαλῆς,
586 3220 731 3270 κτείνει,
761 3220 821 3259 καὶ
855 3220 1004 3271 κομίσας
1031 3217 1120 3270 μετὰ

2106 132 2119 165 1
2131 134 2150 166 7
2160 132 2176 165 1

1155 223 1336 261 AEgeoneus
1347 245 1357 263 ‚
1374 222 1568 263 Lysithous,
1590 221 1810 263 Polymedon;
1832 220 1908 254 filiae
1925 229 2003 254 vero
2019 221 2154 254 Medusa
2170 247 2181 263 ,

1154 278 1376 320 Medesicaste‚
1392 280 1599 322 Lysimache,
1614 279 1826 312 Aristodeme.

1197 336 1244 378 (6)
1281 339 1400 371 Hector
1436 348 1572 372 uxorem
1599 339 1695 372 duxit
1728 338 1976 372 Andromachen
2015 338 2160 372 Eetionis
2172 362 2184 378 ,

1154 394 1333 428 Alexander
1340 399 1492 430 OEnonen
1500 398 1654 432 Cebrenis
1666 397 1759 430 fluvii
1765 397 1877 430 tiliam.
1892 402 1908 422 Β
1918 399 1997 430 Haec
2007 406 2027 430 a
2037 398 2127 430 Rhea
2132 405 2185 429 va-

1155 454 1310 487 ticinandi
1324 457 1427 488 artem
1443 457 1557 490 edocta
1571 457 1769 499 praemonuit
1789 457 2023 497 Alexandrum,
2038 465 2080 489 ne
2094 455 2184 489 navi-

1155 516 1243 555 garet
1258 514 1300 546 ad
1314 514 1486 555 Helenam;
1503 516 1558 548 sed
1573 525 1676 557 quum
1689 526 1756 548 non
1767 515 1991 558 persuaderet,
2010 515 2094 548 dixit
2107 522 2182 548 eum

1155 572 1185 605 si
1202 573 1391 606 vulneratus
1418 574 1515 607 suerit
1540 576 1581 608 ad
1594 585 1629 609 se
1642 578 1818 609 venturum
1845 585 1926 616 esse,
1940 575 2094 617 quoniam
2118 574 2188 607 sola

1156 631 1186 664 ei
1203 631 1325 664 mederi
1340 634 1460 673 posset.
1482 634 1573 666 Paris
1598 636 1707 667 autem
1728 643 1746 667 e
1759 634 1873 676 Sparta
1894 634 1999 676 rapuit
2018 633 2185 666 Helenam.

1156 695 1173 715 ὅ
1182 693 1305 724 Verum
1315 692 1410 733 Troja
1418 691 1502 724 bello
1512 692 1667 734 impetita,
1675 694 1800 734 sagittis
1806 693 1971 726 Herculeis
1981 702 1999 725 a
2011 693 2188 726 Philocteta

1158 750 1322 782 sauciatus
1347 750 1388 782 ad
1412 752 1566 782 OEnonen
1579 752 1715 784 venitin
1730 752 2188 793 Idam.Tumillainjuriarum

1158 818 1284 842 memor
1299 809 1457 842 medelam
1474 810 1649 842 recusavit.
1665 810 1865 843 ⁴Alexander
1880 811 1989 852 itaque
2005 810 2133 851 Trojam
2145 819 2190 843 re-

1158 876 1276 901 versus
1289 867 1392 900 vitam
1407 867 1523 899 finivit.
1540 869 1670 900 OEnone
1684 871 1804 908 autem,
1821 872 1945 901 mutata
1960 870 2132 910 sententia,
2149 869 2190 901 ad

1159 928 1281 960 vulnus
1293 928 1475 961 curandum
1497 927 1692 960 medicinam
1709 928 1836 968 attulit3
1857 931 1890 960 at
1904 938 2007 970 quum
2025 938 2100 961 eum
2123 929 2190 969 jam

1160 987 1327 1019 mortuum
1342 986 1506 1028 reperiret,
1521 985 1697 1028 suspendio
1713 995 1747 1018 se
1762 986 1898 1019 necavit.

1203 1099 1358 1139 ⁸Asopus
1379 1098 1500 1130 fluvius
1513 1097 1599 1130 filius
1614 1100 1683 1130 erat
1698 1098 1817 1130 Oceani
1838 1106 1878 1130 ex
1896 1098 2037 1139 Tethye,
2059 1100 2097 1130 ut
2114 1106 2192 1130 vero

1161 1158 1332 1190 Acusilaus
1347 1157 1445 1198 dicit,
1469 1158 1571 1190 Perus
1595 1159 1628 1190 et
1643 1157 1802 1198 Neptuni,
1820 1156 1999 1188 secundum
2017 1156 2097 1188 alios
2113 1165 2193 1188 non-

1163 1217 1270 1249 nullos
1288 1217 1382 1249 Jovis
1407 1219 1439 1249 et
1461 1219 1670 1257 Eurynomae.
1692 1216 1753 1248 Hic
1776 1224 1911 1248 uxorem
1928 1214 2023 1247 duxit
2043 1216 2194 1256 Metopen

1162 1276 1306 1309 Ladonis
1320 1275 1429 1315 fluvii,
1453 1261 1495 1308 ek
1523 1284 1590 1316 qua
1604 1275 1687 1307 duos
1714 1274 1798 1306 filios
1824 1274 1967 1315 suscepit
1984 1276 2149 1306 Ismenum
2163 1275 2196 1304 et

1164 1335 1381 1376 Pelagontem,
1395 1334 1477 1367 filias
1487 1337 1596 1367 autem
1605 1335 1736 1375 viginti3
1747 1339 1763 1358 ⁶
1772 1342 1909 1375 quarum
1926 1341 2036 1373 unam,
2049 1332 2194 1373 AEginam

1165 1396 1272 1436 rapuit
1285 1395 1423 1436 Jupiter.
1444 1396 1538 1426 Hanc
1562 1396 1691 1435 Asopus
1707 1401 1858 1434 quaercns
1873 1392 1964 1425 venit
1979 1391 2173 1424 Corinthum
2183 1412 2194 1428 ,

1164 1454 1222 1487 ubi
1241 1463 1260 1486 a
1279 1454 1418 1495 Sisypho
1437 1455 1600 1494 raptorem
1615 1461 1686 1484 esse
1703 1454 1820 1485 Jovem
1838 1450 2003 1492 cognovit.
2024 1449 2085 1482 Sed
2106 1449 2195 1490 Jupi-

1165 1516 1213 1546 ter
1228 1517 1373 1554 Asopum
1389 1514 1635 1554 persequentem
1645 1511 1740 1552 Jactis
1749 1510 1938 1542 fulminibus
1949 1509 1990 1541 ad
2000 1508 2122 1540 fluenta
2140 1515 2199 1539 sua

1165 1572 1301 1604 remisit.
1323 1574 1429 1610 Quam
1442 1571 1485 1603 ob
1499 1580 1568 1603 rem
1581 1570 1760 1606 etiamnum
1782 1569 1935 1602 fluctibus
1957 1569 2027 1609 eJus
2043 1566 2199 1599 carbones

1165 1631 1243 1664 ferri
1256 1630 1372 1663 solent.

1208 1754 1221 1774 ⁷
1231 1748 1381 1790 AEginam
1391 1747 1514 1781 veroin
1528 1747 1667 1780 insulam
1679 1746 1869 1778 translatam
1883 1754 1956 1786 quae
1972 1746 2059 1791 tunc¹
2070 1745 2200 1776 OEnone

1166 1807 1408 1850 appellabatur,
1421 1815 1509 1839 nunc
1521 1806 1562 1838 ab
1575 1805 1630 1838 illa
1651 1805 1775 1846 AEginae
1796 1813 1915 1836 nomen
1938 1803 2054 1843 hahet,
2073 1802 2200 1843 Jupiter

1167 1867 1354 1908 comprimit
1372 1869 1404 1898 et
1425 1866 1527 1898 filium
1544 1874 1586 1898 ex
1607 1874 1644 1897 ea
1663 1864 1765 1906 gignit
1783 1866 1937 1903 AEacum3
1958 1862 1993 1894 in
2015 1862 2109 1902 quus
2129 1869 2201 1902 gra-

1167 1927 1258 1966 tiam,
1275 1924 1538 1966 quandoquidem
1554 1924 1644 1956 solus
1660 1923 1713 1956 ille
1727 1923 1761 1955 in
1775 1922 1883 1954 insula
1898 1921 2023 1962 agebat,
2039 1921 2080 1953 de
2095 1920 2201 1952 formi-

1167 1987 1215 2019 cis
1229 1985 1376 2018 homines
1386 1984 1473 2017 fecit.
1485 1987 1498 2006 ⁸
1510 1985 1653 2016 Uxorem
1667 1984 1786 2014 AEacus
1802 1981 1893 2013 ducit
1901 1980 2081 2013 Endeidem
2098 1978 2201 2011 Sciro-¹

1168 2045 1219 2078 nis
1230 2045 1340 2079 filiam,
1355 2053 1397 2076 ex
1409 2052 1474 2084 qua
1490 2042 1557 2075 duo
1567 2041 1597 2074 ei
1613 2043 1791 2074 nascuntur
1798 2040 1855 2072 filii
1865 2039 1980 2072 Peleus
1989 2041 2021 2070 et
2033 2038 2199 2071 Telamon.

1167 2106 1209 2137 At
1230 2103 1431 2144 Pherecydes
1455 2102 1665 2135 Telamonem
1684 2100 1765 2132 dicit
1791 2099 1933 2131 amicum
1948 2123 1958 2139 ,
1981 2107 2047 2130 non
2071 2097 2201 2128 fratrem

1169 2163 1268 2196 fuisse
1290 2162 1396 2202 Pelei,
1415 2161 1472 2194 sed
1494 2160 1594 2194 Actaei
1618 2159 1758 2200 (Actoris
1766 2161 1794 2199 ?)
1815 2158 1917 2190 filium
1939 2166 1980 2190 ex
1998 2157 2120 2188 Glauce
2138 2157 2187 2195 Cy

1168 2221 1267 2253 chrei.
1284 2218 1503 2252 ⁹Concumbit
1527 2219 1645 2250 AEacus
1674 2216 1772 2249 etiam
1787 2224 1862 2248 cum
1887 2214 2060 2247 Psamathe
2077 2238 2086 2254 ,
2107 2211 2202 2246 Nerei

1167 2280 1242 2320 filia,
1261 2288 1335 2321 quae
1350 2278 1384 2310 in
1397 2278 1549 2319 phucam,
1571 2278 1609 2309 ut
1627 2276 1797 2317 amplexus
1811 2276 1881 2316 eJus
1898 2274 2040 2315 fugeret,
2060 2281 2095 2305 se
2113 2280 2201 2304 com·
2266 2297 2269 2299 μ

1168 2340 1362 2378 mutaverat,
1377 2346 1416 2369 ex
1439 2345 1542 2377 eaque
1557 2335 1658 2376 gignit
1674 2336 1832 2368 Phocum.

1210 2403 1238 2422 ¹⁰
1246 2400 1322 2431 Erat
1331 2407 1408 2430 vero
1418 2396 1679 2437 religiosissimus
1688 2395 1836 2427 omnium
1845 2396 1975 2426 AEacus.
1985 2395 2090 2430 Quare
2100 2399 2202 2431 quum

1167 2468 1294 2501 Graecia
1322 2467 1451 2508 frugum
1479 2466 1615 2508 penuria
1642 2467 1840 2507 premeretur
1870 2465 2000 2505 propter
2029 2461 2199 2502 Pelopem,

1169 2539 1258 2580 quod
1270 2538 1496 2580 Stymphalum
1512 2536 1674 2569 Arcadum
1692 2544 1808 2576 regem,
1821 2542 1922 2575 quum
1938 2531 2106 2565 Arcadiam
2127 2531 2203 2563 sub-

1167 2609 1251 2651 igere
1272 2616 1338 2639 non
1362 2608 1484 2648 posset,
1508 2604 1660 2637 simulata
1673 2603 1818 2635 amicitia
1831 2602 1999 2633 necaverat
2011 2601 2043 2632 et
2055 2598 2203 2631 membra

1168 2681 1239 2722 eius
1252 2682 1402 2712 consecta
1426 2678 1638 2719 disperserat,
1667 2676 1803 2708 deorum
1828 2671 1958 2704 oracula
1985 2669 2198 2710 nuntiarunt,

1167 2749 1236 2781 fore
1252 2751 1288 2781 ut
1310 2748 1436 2781 Graecia
1450 2756 1469 2779 a
1483 2745 1698 2788 praesentibus
1710 2742 1804 2774 malis
1819 2741 2020 2778 liberaretur,
2039 2738 2067 2770 si
2081 2739 2200 2770 AEacus
2250 2778 2261 2787 .

1168 2829 1226 2861 pro
1241 2829 1278 2852 ea
1293 2828 1403 2861 preces
1418 2818 1546 2850 faceret.
1569 2819 1593 2838 ¹¹
1607 2814 1700 2852 Quod
1712 2812 1767 2845 ubi
1777 2814 1895 2844 AEacus
1904 2809 1992 2849 fecit,
2008 2807 2134 2840 Graecia
2147 2816 2200 2840 an-

1169 2899 1264 2923 nonae
1288 2889 1423 2931 penuria
1451 2887 1585 2919 liberata
1608 2886 1667 2917 est.
1685 2883 1793 2915 Etiam
1818 2879 1905 2921 apud
1928 2879 2099 2912 Plutonem
2126 2881 2201 2920 post

1170 2960 1306 2991 mortem
1322 2957 1355 2989 in
1371 2957 1492 2988 honore
1504 2954 1651 2992 habetur,
1670 2954 1765 2992 atque
1781 2950 1888 2982 claves
1901 2949 1975 2982 Orci
1991 2950 2109 2981 servat.

1185 3065 1187 3067 v
1214 3047 1425 3081 ¹2Exeellenti
1453 3047 1562 3078 autem
1577 3043 1610 3074 in
1632 3040 1863 3074 certaminibus
1885 3040 1995 3072 Phoco
2015 3039 2147 3071 Peleum
2166 3038 2201 3070 et

1171 3110 1376 3142 Telamonem
1393 3106 1507 3137 fratres
1520 3102 1653 3135 iusidias
1668 3100 1826 3133 struxisse
1841 3099 1957 3132 ferunt.
1979 3102 2026 3130 Ac
2037 3097 2092 3130 ubi
2114 3098 2201 3129 sorte

1172 3168 1279 3201 evenit
1289 3191 1297 3207 ,
1313 3169 1348 3198 ut
1364 3173 1439 3196 cum
1458 3172 1497 3195 eo
1513 3161 1667 3194 Telamon
1687 3160 1722 3192 in
1739 3159 1817 3192 ludo
1831 3159 2026 3197 decertaret,
2047 3157 2081 3189 in
2097 3155 2202 3197 capite

1173 3228 1264 3260 disco
1277 3231 1467 3266 percussum
1486 3219 1665 3260 interfecit,
1679 3221 1798 3252 etcum
1813 3217 2021 3251 Peleo-fratre
2036 3216 2070 3248 in
2086 3215 2201 3247 silvam

90 3277 238 3326 Πηλέως
255 3277 401 3331 κρύπτει
419 3279 511 3318 κατά
528 3294 619 3323 τινος
635 3279 733 3327 ὕλης.
756 3278 988 3333 Φωραθέντος
1005 3277 1041 3316 δὲ
1059 3281 1120 3316 τοῦ
1174 3283 1338 3325 quandam
1366 3279 1623 3321 transportatum
1649 3276 1836 3309 occultavit.
1867 3274 1991 3308 Deinde
2011 3283 2089 3307 vero
2113 3273 2202 3306 caede

91 3335 207 3390 φόνου,
224 3335 371 3390 φυγάδες
399 3337 468 3376 ἀπὸ
494 3337 635 3389 Αἰγίνης
659 3338 726 3377 ὑπὸ
758 3339 891 3378 Αἰακοῦ
903 3336 1117 3376 ἐλαύνονται.

1175 3345 1311 3382 detecta,
1334 3341 1375 3374 ab
1393 3343 1491 3374 AEaco
1504 3339 1539 3372 in
1550 3337 1684 3377 exilium
1703 3336 1766 3369 acti
1785 3335 1826 3368 ab
1847 3334 1960 3376 AEgina
1975 3333 2180 3374 aufugerunt.
