2320 3684
197 179 269 212 142

728 175 1104 216 ΑΠΟΛΛΟΔΩΡΟΥ
1131 179 1472 223 ΒῘΒΛΙΟΘΗΚΗΣ
1501 187 1541 234 Β,
1570 184 1610 237 ε’,

192 274 253 299 σεν
272 260 331 299 ἐπὶ
346 265 408 299 τοῦ
422 261 611 300 Καυκάσου
628 261 686 300 τὸν
704 261 861 300 ἐσθίοντα
876 262 916 301 τὸ
929 278 990 302 του
1004 264 1219 318 Προμηθέως
1273 279 1338 311 lam
1353 281 1518 322 Typhonis
1537 286 1569 315 et
1590 284 1746 317 Echidnae
1762 288 1870 317 natam
1894 287 2075 321 Promethe'
2093 289 2184 331 jecur
2198 290 2292 334 dem

192 321 291 372 ’ἧπαρ
311 319 438 367 αἰετὸν,
473 319 558 358 ὄντα
584 319 751 371 Ἐχίδνης
785 319 846 358 καὶ
877 322 1066 392 Τυφωνος·
1085 323 1145 363 και
1159 323 1218 364 τὸν

194 377 387 450 Προμηθέα
406 377 540 415 διέλυσε
551 377 706 428 ,δεσμὸν
732 377 895 429 ἑλόμενον
911 379 971 418 τὸν
996 383 1058 428 τῆς
1077 382 1195 426 ἐλαίας
1207 413 1218 432 ,

191 435 250 472 καὶ
270 435 427 488 παρέσχε
442 438 493 488 τῷ
515 435 571 474 Διὶ
593 435 754 488 Χείρωνα
772 436 931 484 θνησκειν
953 438 1122 479 ἀθάνατον
1144 442 1218 480 ἀντ’

191 494 297 531 αὐτοῦ
314 493 468 531 θέλοντα.

247 550 352 595 13Ὡς
372 550 408 589 83
422 546 505 598 ἧκεν
525 553 571 594 εἷς
587 551 782 607 Ὑπερὸορέ
783 568 839 598 ους
859 570 944 609 προς
960 554 1148 604 Ἄτλαντα,
1171 559 1219 596 εἷ·-

190 609 315 652 πόντος
332 609 550 662 Προμηθέως
575 614 627 664 τῷ
646 611 839 664 Ἡρακλεῖ,
869 613 971 653 αὐτὸν
986 615 1044 653 ἐπὶ
1060 615 1105 654 τὰ
1121 617 1218 667 μῆλα

193 666 241 718 μὴ
259 667 488 721 πορεύεσθαι,
509 669 751 721 διαδεξάμενον
770 669 806 709 δὲ
821 669 1006 717 Ἄτλαντος
1023 673 1081 712 τὸν
1097 674 1217 723 πόλον,

192 725 456 766 ἀποστέλλειν’
441 734 583 777 εκεῖνον,
595 727 748 774 πεισθεὶς
767 729 834 782 [δὲ]
851 731 1034 777 διεδέξατο.
1049 733 1079 758 ¹⁴
1093 731 1218 778 Ἄτλας

190 782 247 832 δὲ,
274 785 487 855 δρεψάμενος
517 787 601 841 παρ’
635 786 855 844 Ἑσπερίδων
892 789 972 844 τρία
993 793 1111 842 μῆλα,
1154 796 1219 839 ἡκε

189 843 274 897 πρὸς
293 843 486 896 Ἡρακλέα.
507 844 578 884 Καὶ
609 845 657 895 μὴ
677 845 883 898 βουλόμενος
906 848 965 887 τὸν
990 848 1130 888 πόλον”
1109 865 1217 902 εχειν,

209 900 296 939 ι’καὶ
326 901 471 955 σπείραν
501 902 559 941 ἐπὶ
592 905 655 950 τ’ἥς
673 906 827 957 κεφαλῆς
851 904 961 944 θέλειν
991 906 1215 954 ποιήσασθαι.

189 965 354 1015 (Lacuna
372 967 546 1017 suppleri
565 975 693 1017 potest
709 981 754 1005 ex
773 968 859 1006 Sch.
876 972 949 1020 Ap.
970 970 1044 1007 Rh.
1062 983 1098 1019 2,
1130 973 1216 1021 396.

190 1024 248 1062 Τὰ
273 1022 335 1075 μὲν
349 1025 447 1075 μῆλα
468 1023 570 1068 αὖτός
588 1040 692 1077 φησιν
713 1025 870 1064 ἀποίσειν
894 1028 1085 1080 Εὐρυσθεῖ,
1103 1027 1161 1068 τὸν
1181 1027 1217 1068 83

189 1082 332 1136 οὐρανὸν
369 1082 528 1122 ἐκέλευσε
530 1097 548 1120 ν
584 1084 712 1121 ἐκεῖνον
744 1083 836 1135 ἔχειν
860 1085 935 1123 ἀντ’
965 1088 1081 1125 αὐτου.
1117 1087 1217 1126 083

188 1140 403 1214 ,ῖΗρακληςε
389 1139 630 1194 υποσχόμενος
658 1141 751 1195 δόλῳ
780 1142 1011 1190 ἀντεπέθηκεν
1047 1145 1149 1183 αὖτὸν
1165 1148 1216 1184 τῶ

188 1197 374 1249 ’,Ατλαντι
399 1199 492 1238 κατὰ
514 1199 578 1247 τὴν
606 1203 669 1238 τοῦ
697 1201 916 1254 Προμηθέως
939 1202 1133 1250 ὓποθήκηψ
1153 1219 1217 1242 κε-

188 1257 280 1297 λεύει
298 1231 436 1331 γὰρἊ,
411 1274 532 1312 ωσπερ
552 1259 681 1303 ἐκεῖνος
706 1261 771 1297 ὕπε
757 1258 872 1308 έθετο,
892 1260 950 1298 τὸν
973 1260 1147 1300 Ἄτλαντα
1164 1261 1217 1300 δέ-

189 1317 311 1362 ξασθαι
330 1317 387 1356 τὸν
399 1317 556 1371 οὐρανὸν,
573 1316 636 1360 ἕως
661 1312 701 1356 οῧ
728 1317 873 1372 σπείραν
894 1319 951 1356 ἐπὶ
976 1318 1040 1366 τὴν
1060 1319 1215 1374 κεφαλὴν

186 1376 400 1427 ποιήσεται.)
418 1379 449 1403 ¹5
461 1378 576 1415 Τοῦτο
585 1375 735 1420 ἀκούσας
743 1375 955 1426 Ἄτλας,ε’πὶ
974 1381 1037 1429 γῆς
1056 1378 1216 1422 καταθεὶς

186 1433 231 1472 τὰ
249 1436 364 1486 μῆλα,
382 1434 441 1472 τὸν
459 1433 565 1472 πόλον
587 1432 772 1478 διεδέξατο.
792 1434 865 1473 Καὶ
884 1434 992 1479 οὕτως
1011 1435 1216 1488 ἀνελόμενος

186 1492 276 1531 αὐτὰ
290 1524 299 1542 ,
321 1493 500 1546 Ἡρακλῆς
524 1493 779 1539 ἀπηλλάττετο.
804 1492 962 1532 16”Ενιοι
981 1493 1021 1533 δέ
1037 1510 1155 1549 φασιν,
1176 1497 1215 1535 οὗ

186 1550 284 1605 παρὰ
307 1550 497 1594 Ἄτλαντος
515 1550 602 1589 αὐτὰ
621 1550 755 1600 λαὸεῖν,
779 1550 869 1590 ἀλλὰ
887 1552 990 1591 αὐτὸν
1020 1552 1214 1607 δρέψασθαι

186 1610 230 1649 τὰ
251 1613 367 1662 μῆλα,
387 1611 571 1649 κτείναντα
587 1609 645 1649 τὸν
662 1615 875 1664 φρουροῦντα
888 1610 977 1665 ὅφιν.
1001 1614 1034 1640 17
1055 1612 1214 1664 Κομίσας

186 1669 223 1708 83
242 1669 286 1708 τὰ
306 1671 404 1721 μηλα
430 1671 600 1722 Εὐρυσθεῖ
619 1668 767 1707 ἔδωκεν·
787 1673 805 1708 ὁ
836 1669 873 1708 83
888 1669 1020 1718 λαὸὼν,
1045 1669 1214 1725 ζΗριιιιιλεῖ

185 1729 401 1782 ἐδωρήσατο.
464 1728 560 1781 Παρ’
617 1731 657 1766 οὖ
705 1728 864 1767 λαὸοῦσα
915 1728 1063 1777 Ἀθηνα,
1107 1728 1212 1768 πάλιν

185 1787 272 1827 αὐτὰ
310 1786 544 1839 ἀπεκόμισεν·
581 1785 674 1825 ὅσιον
712 1786 778 1841 γὰρ
819 1791 883 1826 οὐκ
901 1791 942 1835 ἠν
958 1786 1046 1827 αὐτὰ
1073 1788 1214 1836 τεθῆναί

183 1863 262 1885 που.

239 1905 320 1958 (12)
338 1903 544 1944 Δωδέκατον
570 1898 709 1943 ἀθλον’
694 1903 847 1955 επετᾶγη
859 1933 869 1951 ,
891 1903 1068 1959 Κέρὸερον
1090 1904 1125 1950 ἐξ
1143 1905 1210 1962 ᾍ-

185 1963 244 2002 δου
263 1963 429 2015 κομίζειν.
453 1956 542 2015 Εἶχε
558 1961 594 2000 83
611 1957 707 2006 ουτος
724 1968 813 2015 τρεῖς
831 1961 893 2012 μὲν
910 1966 1022 2001 κυνῶν
1036 1963 1209 2018 κεφαλὰς,

182 2022 246 2070 τὴν
263 2022 298 2061 δὲ
301 2022 418 2097 ἵουρὰν
437 2022 642 2076 δράκοντος,
662 2021 753 2060 κατὰ
778 2021 814 2060 83
828 2027 890 2062 τοῦ
908 2039 1018 2062 νωτου
1037 2024 1210 2063 παντοίων

183 2087 275 2135 εἶχεν
283 2081 405 2155 ὄφεων
431 2080 596 2134 κεφαλάς.
619 2078 636 2101 ²
651 2079 801 2119 Μέλλων
827 2076 886 2119 οῧν
901 2082 959 2120 ἐπὶ
977 2097 1095 2122 τουτον
1111 2082 1212 2122 ἀπιέ-

183 2156 260 2188 ναι,
281 2134 365 2188 ηλθε
383 2139 467 2215 πρὸς
492 2138 683 2190 Εὔμολπον
707 2141 754 2183 εἷς
779 2139 986 2190 Ἐλευσῖνα,
1006 2140 1210 2193 βουλόμενος

183 2202 372 2250 μυηθῆναι.
392 2192 463 2237 ἮἨν
498 2195 534 2236 δὲ
572 2213 634 2236 ουκ
671 2197 744 2242 ἐξὸν
783 2196 888 2243 ξένοις
921 2199 1000 2238 τότε
1037 2202 1207 2251 μυεῖσθαι.

184 2257 434 2311 Ἐπειδήπερ’“
445 2255 538 2301 θετὸς
568 2256 703 2296 Πυλίου
727 2263 810 2301 παῖς
839 2257 1022 2310 γενόμενος
1049 2260 1208 2309 ἐμυεῖτο,

181 2317 259 2369 3μὴ
281 2317 469 2368 δυνάμενος
491 2315 527 2355 83
546 2317 629 2355 ἰδεῖν
646 2315 690 2354 τὰ
710 2316 900 2371 μυστήρια,
927 2317 1068 2372 ἐπείπερ
1087 2320 1150 2358 οὐκ
1166 2322 1208 2366 ἠν

180 2377 389 2431 ἡγνισμένος
425 2376 484 2416 τὸν
516 2376 729 2430 Κενταύρων
769 2376 892 2430 φόνον,
928 2378 1098 2430 ἁγνισθεὶς
1143 2378 1209 2417 ὑπὸ

181 2437 374 2489 Εὐμόλπου
393 2435 452 2475 τότ
455 2452 471 2474 ε
488 2436 635 2487 ἐμυήθη
651 2436 725 2475 Καὶ
740 2436 1021 2490 παραγενόμενος
1040 2437 1097 2475 ἐπὶ
1117 2437 1209 2476 Ταί-

180 2512 283 2550 ναρον
302 2499 365 2544 τῆς
398 2497 606 2542 Λακωνικης
620 2526 629 2543 ,
650 2499 689 2533 οὗ
718 2498 779 2542 τῆς
798 2494 901 2552 ᾍδου
920 2496 1149 2541 καταὸάσεως
1167 2513 1207 2535 το

179 2555 322 2607 στόμιόν
342 2556 437 2604 ἐστι,
459 2552 516 2592 διὰ
533 2553 655 2592 τούτου
675 2553 808 2606 κατῄει.

232 2613 264 2638 ‘³‘
267 2613 434 2662 Οπηνίκα
449 2611 486 2651 δὲ
512 2606 601 2650 εἶδον
621 2611 723 2651 αυτὸν
744 2614 779 2650 αἱ
795 2611 922 2665 ψυχαὶ,
942 2612 1049 2666 χωρις
1062 2613 1205 2652 Μελεά-

178 2689 262 2728 γρου
281 2673 342 2712 καὶ
359 2670 541 2719 Μεδούσης
557 2674 619 2719 τ’ἥς
638 2669 842 2724 Γοργόνος”
823 2686 959 2725 εφυγον.
982 2671 1066 2710 Ἐπὶ
1087 2669 1123 2709 83
1141 2671 1204 2718 τὴν

180 2731 337 2785 Γοργόνα
353 2746 394 2769 το
411 2729 559 2783 ξίφος,
541 2746 587 2773 ως
604 2731 732 2777 ζωσαν,
747 2727 858 2777 ἕλκει,
877 2728 937 2766 καὶ
957 2728 1053 2782 παρὰ
1071 2728 1205 2782 Ερμου

178 2790 362 2837 μανθάνει,
382 2788 435 2828 ὅτι
457 2787 554 2827 κενὸν
582 2786 722 2826 εἴδωλόν
749 2788 835 2826 ἐστι.
832 2759 1047 2849 ἰῦΠλησίον
1067 2786 1103 2824 δὲ
1134 2804 1204 2826 των

175 2847 280 2906 ᾍδου
311 2850 430 2887 πυλων
450 2846 650 2900 γενόμενος,
670 2845 796 2894 Θησέα
816 2850 916 2899 εὗρε,
937 2845 996 2884 καὶ
1021 2845 1204 2898 Πειρίθουν

175 2908 233 2946 τὸν
250 2905 472 2961 Περσεφόνης
490 2904 770 2958 μνηστευόμενον
789 2904 915 2957 γάμον,
935 2903 995 2943 καὶ
1021 2903 1078 2942 διὰ
1103 2919 1204 2943 τουτο

176 2966 327 3004 δεθέντα.
343 2967 394 3005 Θε
381 2965 567 3016 ασάμενοι
582 2964 618 3003 83
633 2963 833 3018 Ἡρακλέα,
845 2962 909 3007 τὰς
923 2969 1042 3016 χεῖρας
1060 2962 1203 3016 ὤρεγον,

175 3026 221 3067 ὡς
242 3024 519 3075 ἀναστησόμενοι
533 3023 588 3062 διὰ
603 3027 664 3071 τῆς
685 3022 813 3063 ἐκείνου
830 3022 916 3075 βίας.
938 3021 972 3047 ⁶⁶
971 3025 1004 3062 Ο
1020 3022 1056 3060 δὲ
1079 3021 1203 3069 Θησέα

177 3083 256 3133 μὲν,
282 3082 474 3133 λαὸόμενος
508 3086 569 3130 τῆς
600 3082 734 3135 χειρὸς,
768 3082 903 3135 ἤγειρε·
938 3080 1122 3135 Πειρίθουν
1167 3078 1203 3117 δὲ

176 3143 372 3187 ἀναστῆσαι
393 3141 618 3215 βουλόμενος,
641 3144 703 3188 τ’ῆς
722 3144 786 3192 γ’ῆς
805 3139 1030 3191 κινουμένης,
1053 3141 1198 3194 ἀφῆκεν.

176 3198 379 3237 Ἀπεκύλισε
399 3199 435 3236 83
450 3199 508 3238 και
525 3199 582 3238 τὸν
601 3199 818 3252 Ἀσκαλάφου
834 3198 972 3252 πέτρον.
991 3199 1007 3224 7
1021 3196 1200 3248 Βουλόμε-

175 3272 230 3300 νος
253 3256 289 3294 δὲ
318 3261 407 3307 αἱμα
443 3263 518 3301 ταῖς
541 3260 668 3310 ψυχαῖς
700 3257 972 3310 παρασχέσθαι,
1014 3257 1096 3307 μίαν
1133 3271 1202 3294 των

173 3315 277 3372 Ἅδου
313 3317 400 3367 βοῶν
422 3315 630 3369 ἀπέσφαξεν.
652 3316 697 3355 Ὁ
717 3317 753 3354 83
775 3316 888 3367 νέμων
911 3315 1015 3358 αὐτὰς
1033 3314 1204 3362 Μενοίτης

173 3376 192 3412 ὁ
210 3372 446 3423 Κευθωνύμου
463 3373 767 3427 προκαλεσάμενος
790 3376 836 3418 εἷς
861 3375 978 3422 πάλην
997 3374 1200 3427 Ἡρακλέα,

1271 340 1413 370 scentem
1456 340 1582 381 sagittis
1608 342 1762 382 confixit3
1785 346 1881 383 atque
1909 344 2006 377 solvit
2041 347 2290 390 Prometheum,

1270 395 1324 435 qui
1342 397 1465 429 vinculi
1482 398 1552 430 loco
1565 408 1717 432 coronam
1733 401 1828 433 olivae
1859 402 1977 434 sumsit
2005 405 2038 435 et
2083 405 2157 436 Jovi
2179 406 2292 440 chiro-

1271 460 1343 484 nem
1362 453 1512 495 praebust,
1528 457 1586 497 qui
1599 458 1790 490 immortalis
1806 467 1864 500 pro
1879 459 1934 491 illo
1950 460 2033 492 mori
2047 461 2186 494 volebat.

1315 569 1404 602 ¹⁵Ubi
1421 579 1498 604 vero
1512 572 1545 604 in
1565 573 1844 615 Hyperboreorum
1858 577 1977 607 terram
1992 576 2034 609 ad
2049 578 2212 611 Atlantem
2226 588 2294 621 per-

1270 637 1358 670 venit
1370 640 1535 681 Hercules,
1551 643 1704 675 monente
1717 643 1921 683 Prometheo,
1935 652 1976 677 ne
1991 644 2060 686 ipse
2075 645 2116 678 ad
2125 647 2211 679 mala
2221 657 2292 690 pro-

1270 704 1466 739 ficisceretur
1478 731 1487 748 ‚
1503 709 1559 742 sed
1575 711 1715 744 Atlantis
1733 711 1843 752 polum
1868 712 1901 744 in
1919 721 1996 745 suos
2017 713 2171 748 humeros
2190 717 2293 749 susci-

1270 774 1361 815 piens
1375 775 1466 808 illum
1481 786 1540 819 pro
1555 787 1589 811 se
1603 779 1756 820 mitteret,
1771 789 1945 821 persuasus
1959 782 2071 823 polum
2086 792 2145 824 pro
2165 785 2294 820 Atlante

1270 845 1421 887 suscepit.
1442 850 1469 871 ¹⁴
1484 847 1586 888 Atlas,
1604 849 1762 891 decerptis
1777 850 1811 882 in
1825 852 2042 893 Hesperidum
2059 853 2164 886 hortis
2187 854 2294 889 tribus

1270 915 1376 956 malis,
1399 916 1481 950 redit
1508 918 1550 951 ad
1578 919 1761 952 Herculem.
1784 922 1894 959 Quum
1913 930 1992 954 vero
2012 922 2132 955 coelum
2153 923 2295 966 recipere

1270 983 1382 1024 nollet,
1399 985 1447 1025 (sc
1462 986 1571 1027 ipsum
1585 987 1629 1019 ait
1641 997 1736 1028 poma
1752 990 1934 1031 Eurystheo
1947 992 2195 1033 apportatumm
2209 1001 2293 1033 esse,
2307 988 2314 990 “

1270 1053 1367 1093 atque
1382 1055 1553 1087 Herculem
1569 1065 1628 1097 pro
1643 1065 1678 1090 se
1689 1058 1789 1099 jussit
1809 1059 1971 1092 sustinere
1998 1060 2130 1092 coelum.
2148 1061 2243 1099 Quod
2259 1070 2295 1095 se

1270 1120 1431 1154 facturum
1448 1124 1602 1157 Hercules
1616 1123 1779 1167 pollicitus
1803 1127 1880 1159 dolo
1904 1128 2048 1168 quodam
2069 1138 2088 1161 a
2102 1130 2295 1162 Prometheo

1270 1190 1420 1230 suggesto
1447 1191 1567 1224 coelum
1593 1193 1628 1224 in
1654 1193 1819 1227 Atlantem
1843 1195 1999 1238 reposuit.
2024 1196 2130 1229 Jussit
2147 1197 2235 1230 enim
2254 1206 2292 1232 ex

1269 1258 1452 1293 Promethei
1467 1260 1605 1292 consilio
1621 1261 1784 1295 Atlantem
1800 1263 1918 1295 coelum
1935 1263 1971 1295 in
1987 1272 2022 1296 se
2042 1265 2194 1307 recipere,
2214 1266 2295 1298 dum

1268 1324 1337 1365 ipse
1345 1325 1495 1358 culcitam
1503 1328 1600 1368 capiti
1613 1328 1844 1371 imposuisset).
1855 1332 1882 1353 ¹³⁵
1890 1331 1987 1368 Quod
1998 1331 2056 1364 ubi
2061 1333 2186 1366 audivit
2191 1334 2294 1375 Atlas,

1269 1393 1424 1435 depositis
1446 1395 1539 1428 humi
1554 1396 1674 1438 pomis,
1703 1396 1822 1430 coelum
1845 1399 1983 1440 recepit;
2008 1400 2109 1442 atque
2128 1401 2173 1434 ita
2200 1410 2297 1443 poma

1268 1463 1421 1497 Hercules
1442 1465 1574 1498 sustulit
1590 1469 1622 1499 et
1640 1466 1799 1501 discessit.
1815 1469 1998 1502 ¹⁶Nonnulli
2014 1479 2092 1504 vero
2104 1470 2217 1505 dicunt
2227 1481 2294 1506 non

1267 1532 1308 1565 ab
1326 1533 1455 1566 Atlante
1478 1542 1554 1566 eum
1569 1535 1640 1568 haec
1656 1545 1754 1577 poma
1775 1536 1939 1579 accepisse
1950 1561 1961 1579 ,
1978 1537 2037 1571 sed
2057 1538 2165 1580 ipsum
2176 1564 2186 1580 ‚
2204 1549 2291 1575 caeso

1267 1604 1406 1638 dracone
1421 1607 1565 1648 custode,
1581 1617 1620 1641 ea
1633 1607 1842 1650 decerpsisse.
1858 1609 1968 1646 ¹⁷Quae
1980 1607 2148 1650 deportata
2161 1610 2294 1644 tradidit
2317 1655 2320 1660 1

1274 1676 1464 1716 Eurystheo.
1483 1676 1546 1709 Hic
1560 1679 1691 1718 accepta
1704 1677 1839 1709 donavit
1855 1677 2003 1718 Herculi,
2020 1677 2067 1710 ab
2082 1678 2220 1712 Hercule
2237 1679 2298 1713 Mi-

1266 1753 1365 1778 nerva
1383 1746 1504 1787 accepit
1516 1754 1618 1787 eaque
1633 1745 1810 1787 reportavit
1818 1755 1829 1786 ;
1847 1745 1937 1778 nefas
1949 1746 2035 1778 enim
2051 1749 2120 1780 erat
2132 1756 2170 1780 ee
2184 1748 2294 1790 aliquo

1265 1817 1445 1859 transponi.

1308 1896 1375 1938 (¹2)
1397 1897 1617 1930 Duodecimus
1638 1897 1729 1930 labor
1749 1897 1779 1930 ei
1793 1898 1967 1939 impositus
1983 1903 2044 1940 est,
2060 1902 2098 1931 ut
2115 1877 2292 1935 cerberum

1265 1963 1304 1987 ex
1318 1964 1395 1988 orco
1410 1956 1472 1988 abd
1478 1957 1596 1989 uceret-
1605 1958 1637 1989 Is
1650 1957 1712 1989 tria
1724 1965 1843 1989 canum
1857 1957 1974 1998 capita,
1984 1957 2292 1998 caudamdraoeuis.
2308 1964 2320 1997 ,ἲ

1264 2015 1298 2046 in
1314 2015 1412 2048 dorso
1433 2025 1507 2049 vero
1532 2017 1778 2058 omnigenorum
1801 2018 1907 2058 capita
1931 2017 2071 2050 babebat
2090 2022 2288 2061 serpentum.
2308 2034 2320 2060 ,¹-

1267 2077 1282 2096 2
1293 2076 1342 2107 Ad
1359 2075 1446 2106 hunc
1461 2074 1556 2116 igitur
1569 2075 1785 2107 descensurus
1800 2074 1986 2107 Eleusinem
2000 2076 2090 2109 veuit
2102 2076 2141 2108 ad
2159 2077 2291 2111 Eumol»
2303 2071 2320 2099 ἶ

1263 2144 1354 2176 pum,
1367 2137 1405 2167 ut
1418 2134 1461 2167 ab
1479 2143 1517 2167 eo
1533 2134 1659 2168 Cereris
1675 2134 1776 2166 sacris
1794 2133 1990 2169 initiaretur.
2005 2135 2047 2166 At
2060 2143 2137 2169 vero
2148 2136 2288 2170 extemis
2298 2127 2320 2183 '‘7-

1263 2194 1304 2226 ad
1319 2203 1358 2225 ea
1375 2201 1466 2225 sacra
1480 2194 1560 2225 tunc
1584 2192 1712 2225 admitti
1733 2201 1799 2224 non
1815 2191 1943 2224 licebat.
1973 2193 2089 2232 Itaque
2113 2193 2288 2236 adoptivus

1262 2238 1344 2291 Pylii
1358 2251 1444 2283 filius
1457 2250 1560 2282 faetus
1575 2249 1667 2282 initia
1680 2249 1914 2281 consecuturus
1929 2248 2008 2287 erat,
2019 2247 2090 2280 ³sed
2103 2257 2205 2290 quum
2219 2254 2307 2296 ιιιγό

1262 2309 1359 2341 steria
1371 2318 1435 2340 non
1447 2310 1556 2350 posset
1568 2309 1721 2348 spectare,
1737 2308 1904 2348 propterea
1916 2306 2004 2347 quod
2017 2315 2036 2339 a
2051 2303 2320 2354 centaurorum&

1262 2370 1351 2402 caede
1367 2370 1514 2402 nondum
1530 2370 1691 2402 lustratus
1706 2371 1786 2407 erat,
1800 2367 1841 2400 ab
1855 2367 2020 2409 Eumolpo
2035 2366 2199 2408 expiatus,
2217 2354 2311 2400 tum'ss
2296 2390 2320 2428 ἢ

1262 2430 1394 2462 demum
1411 2429 1559 2462 initiatus
1574 2431 1635 2462 est.
1655 2427 1778 2461 Deinde
1797 2426 1959 2468 profectus
1978 2425 2017 2458 ad
2036 2427 2208 2458 Taenarum
2227 2427 2299 2461 Ila-3

1261 2489 1468 2521 cedaemoniae
1490 2487 1772 2529 promontorium,
1805 2485 1861 2518 nbi
1888 2484 1930 2517 ad
1959 2485 2078 2517 inferos
2110 2484 2294 2520 descensus

1260 2547 1381 2580 ostium
1397 2549 1496 2588 patet,
1514 2555 1570 2588 per
1581 2547 1668 2578 hunc
1684 2546 1717 2578 iu
1731 2547 1851 2578 orcum
1866 2542 2058 2585 penetravit.

1301 2614 1427 2650 ⁴Quem
1440 2611 1496 2643 ubi
1512 2611 1751 2653 conspexerunt
1766 2609 1904 2648 umbroe,
1917 2610 2033 2650 praeter
2047 2606 2243 2648 Meleagrum
2251 2605 2289 2659 d·

1258 2683 1425 2716 Medusam
1443 2684 1625 2722 Gorgonem
1642 2689 1755 2713 omnes
1774 2679 1999 2720 diffugere.1n
2017 2679 2200 2718 Gorgonem
2263 2711 2278 2716 ‚.

1259 2751 1350 2784 dium
1365 2751 1450 2783 utin
1464 2751 1575 2782 vivam
1595 2749 1736 2790 stringit,
1753 2749 1809 2781 sed
1833 2757 1852 2780 a
1866 2746 2028 2780 Mercurio
2049 2745 2143 2778 discit
2158 2753 2223 2776 van
2276 2731 2284 2792 J*

1257 2830 1328 2854 esse
1343 2822 1518 2862 spectrum.
1537 2825 1551 2844 ὅ
1564 2821 1641 2852 Mox
1659 2819 1715 2851 ubi
1731 2819 1772 2850 ad
1791 2816 1866 2850 Orci
1879 2817 1992 2858 portas
2007 2816 2104 2856 esset,
2278 2811 2282 2818 ⁸
2303 2862 2306 2864 v

1258 2890 1396 2932 repperit
1410 2891 1442 2922 et
1463 2889 1646 2922 Pirithoum
1661 2887 1865 2928 Proserpinae
1881 2886 2011 2927 nuptias
2030 2884 2226 2918 ambientem
2268 2922 2291 2942 ·

1256 2963 1426 3003 propterea
1441 2961 1600 2992 vinctum.
1617 2957 1681 2996 Qui
1694 2957 1866 2990 Herculem
1883 2955 2062 2996 conspicati
2074 2962 2192 2989 manus
2210 2961 2294 2997 pom
2317 2955 2320 2995 ι

1256 3035 1412 3076 rigebant,
1425 3035 1463 3066 ut
1478 3033 1566 3065 illius
1579 3032 1704 3064 viribus
1720 3029 1906 3063 surrecturi.
1925 3028 2006 3061 ⁸Ille
2025 3036 2104 3060 vero
2119 2998 2302 3100 Theseum}

1255 3104 1386 3145 quidem
1396 3112 1495 3135 manu
1508 3101 1703 3137 prehensum
1718 3098 1888 3137 excitavit3
1899 3096 2079 3129 Pirithoum
2091 3096 2198 3128 autem
2213 3074 2294 3134 cre-g*

1255 3173 1380 3212 cturus,
1400 3178 1502 3212 quum
1514 3170 1599 3202 terra
1626 3168 1823 3206 moveretur,
1838 3163 1972 3196 dimisit.
2005 3163 2156 3196 Revolvit
2181 3146 2293 3211 etia&

1255 3239 1427 3282 Ascalaphi
1437 3247 1565 3272 saxum.
1584 3238 1704 3278 ⁷Atque
1721 3237 1909 3277 sanguinem
1932 3234 2050 3267 animis
2078 3207 2303 3285 Ριωὶιὶῑιιιξ

1255 3319 1354 3344 unam
1372 3319 1414 3342 ex
1431 3307 1580 3342 Plutonis
1595 3306 1699 3338 bobus
1715 3304 1879 3338 mactavit.
1898 3303 1960 3336 Sed
1978 3303 2034 3343 qui
2049 3310 2103 3335 eas
2119 3294 2286 3345 pascet*

1254 3381 1409 3415 Menoetes
1417 3375 1632 3418 Centhonymi
1641 3375 1737 3416 filius,
1746 3382 1848 3416 quum
1855 3373 1895 3405 ad
1903 3373 2024 3405 luctam
2033 3368 2200 3403 Herculem
2206 3372 2275 3411 pru·v
