2320 3684
98 176 174 210 468

97 254 189 307 ἔχων
205 254 265 294 καὶ
293 253 486 308 περιφέρων
507 251 560 291 ἀεὶ
579 249 713 290 τοιαυτὶ
734 250 852 302 βιὸλία
866 251 1129 305 Ἀριστοφάνους

98 312 158 351 καὶ
188 311 452 365 Ἀπολλοδώρου
481 310 541 349 καὶ
571 307 771 359 Ἀμμωνίου
799 308 859 347 καὶ
888 308 1128 364 Ἀντιφάνους,

97 371 150 410 ἔτι
169 371 207 410 δὲ
223 371 370 426 Γοργίου
383 374 443 409 τοῦ
464 367 642 416 Ἀθηναίου
654 398 664 416 ,
686 367 830 406 πάντων
847 368 984 408 τούτων
1005 385 1130 422 συγγε-

96 429 279 484 γραφότων
294 429 377 483 ’περὶ
390 431 460 467 τῶν
475 426 658 473 Ἀθήνησιν
676 425 870 479 ἑταιρίδων.

151 490 254 529 Idem
270 491 383 535 XIII,
402 500 439 537 p.
459 486 548 533 583,
565 488 617 522 D:
632 485 679 523 Αἱ
693 482 761 538 γὰρ
780 484 887 524 καλαὶ
906 487 1009 537 ἡμῶν
1029 486 1130 533 Ἀθῆ-

97 562 155 585 ναι
186 549 330 585 τοσοῦτο
363 546 494 591 πλῆθος
530 542 681 594 ἤνεγκαν
716 544 864 596 ἑταιρῶν
935 542 1129 598 Ἀνέγραψε

96 608 177 655 γοῦν
197 602 443 656 Ἀριστοφάνης
467 600 530 653 μὲν
551 603 569 639 ὁ
589 600 778 645 Βυζάντιος
798 600 923 641 ἑκατὸν
946 603 1006 642 καὶ
1024 603 1129 659 τριά-

97 677 203 702 κοντα
218 661 334 710 πέντε,
358 658 616 712 Ἀπολλόδωρος
636 658 673 697 δὲ
691 657 824 698 τούτων
847 659 1001 704 πλείους.

148 786 289 828 Athen.
299 792 408 837 XIII,
421 802 459 840 p.
470 788 560 836 586,
577 791 612 826 A
624 801 633 825 τ
645 787 738 841 Περὶ
751 785 788 826 δὲ
801 788 863 835 τῆς
873 788 1130 842 Φανοστράτης

96 846 352 900 Ἀπολλόδωρός
366 862 470 901 φησιν
491 847 527 886 ἐν
543 849 594 900 τῷ
612 846 693 900 περὶ
710 848 780 885 τῶν
801 846 983 895 Ἀθήνησιν
1001 847 1131 902 ἑταιρί-

97 908 177 954 δων,
194 905 247 945 ὅτι
271 904 499 960 Φθειροπύλη
530 903 734 944 ἐπεκαλεῖτο
748 936 759 955 ,
782 905 970 960 ἐπειδήπερ
993 906 1051 945 ἐπὶ
1067 910 1131 955 τῆς

95 965 199 1019 θύρας
225 967 364 1004 ἑστῶσα
386 963 605 1019 ἐφθειρίζετο.
687 963 863 1018 Ἑταιρῶν
884 965 1068 1016 ἐπωνυμία
1093 966 1130 1004 αἱ

95 1023 220 1077 ἀφύαι·
240 1023 320 1078 περὶ
338 1015 386 1062 ὧν
407 1026 426 1063 ὁ
445 1021 697 1077 προειρημένος
716 1019 981 1077 Ἀπολλόδωρος
1002 1023 1108 1078 φησίν
1120 1040 1128 1048 ·

94 1081 286 1134 Σταγόνιον
298 1081 358 1121 ’καὶ
372 1082 482 1126 Ἀνθὶς
494 1080 654 1135 ἀδελφαὶ,
673 1075 908 1136 αἷταιἈφύαι
929 1082 1129 1132 ἐκαλοῦντο,

94 1140 147 1179 ὅτι
163 1141 223 1179 καὶ
238 1141 360 1180 λευκαὶ
373 1141 433 1180 καὶ
449 1140 574 1180 λεπταὶ
592 1133 694 1178 οῧσαι
710 1139 789 1184 τοὺς
804 1140 1002 1195 ὀφθαλμοὺς
1018 1141 1133 1193 μεγά-

94 1200 176 1244 λους
194 1193 301 1252 εἶχον.
323 1203 382 1238 De
400 1197 527 1254 ἀφύαις
545 1198 683 1236 AElian.
697 1201 745 1237 N.
761 1203 806 1236 A.
821 1202 872 1247 ΙΙ,
888 1212 950 1240 22.

149 1328 435 1379 Harpocration
449 1341 458 1364 :
475 1324 715 1379 Φανοστράτη
728 1355 739 1374 ,
810 1326 1069 1381 Ἀπολλόδωρος
1088 1329 1124 1366 ἐν

95 1388 146 1440 τῷ
169 1385 250 1439 περὶ
273 1387 343 1424 τῶν
365 1384 550 1433 Ἀθήνησιν
571 1387 732 1438 ἑταιρῶν,
760 1383 892 1433 ταύτην
913 1386 1018 1440 φησὶν
1048 1388 1130 1425 ὀνο·-

96 1445 268 1497 μάζεσθαι
288 1443 551 1497 Φθειροπύλην,
572 1442 692 1491 ἐπειδὴ
713 1441 771 1481 ἐπὶ
787 1446 850 1491 τῆς
865 1443 970 1497 θύρας
991 1447 1132 1484 ἑστῶσα

97 1503 316 1559 ἐφθειρίζετο.
350 1504 494 1542 Eadem
518 1503 688 1554 Etymol.
711 1506 762 1540 M.
777 1503 815 1540 h.
835 1517 872 1541 v.
886 1512 925 1541 et
941 1505 1077 1542 Suidas
1093 1505 1130 1542 h.

96 1578 133 1603 v.

551 1615 642 1654 241.

152 1682 259 1720 Idem
277 1696 284 1719 :
306 1680 455 1721 Νάννιον
529 1678 789 1734 Ἀπολλόδωρος
819 1681 855 1720 ἐν
882 1683 934 1735 ’τῷ
959 1681 1038 1736 περὶ
1061 1684 1130 1720 τῶν

95 1743 257 1793 ἑταιρῶν,
277 1734 371 1791 Αἶγα
387 1740 550 1792 λέγεσθαι
570 1740 654 1794 φησὶ
674 1739 804 1788 ταύτην
819 1739 883 1787 τὴν
903 1741 1057 1793 ἑταίραν,
1076 1740 1133 1780 διὰ

95 1800 135 1840 τὸ
155 1800 296 1840 Θαλλὸν
316 1800 375 1838 τὸν
395 1798 553 1846 κάπηλον
582 1805 797 1852 καταφαγεῖν
810 1814 818 1822 ·
839 1798 892 1838 ὅτι
925 1799 992 1853 γὰρ
1015 1801 1133 1854 θαλλῷ

95 1858 277 1913 χαίρουσιν
293 1861 328 1897 αἱ
346 1852 439 1910 αἶγες
455 1888 465 1906 ,
485 1857 545 1897 καὶ
560 1857 744 1907 Σοφοκλῆς
757 1857 930 1909 Ποιμέσιν
951 1867 1023 1896 etc.

149 1919 397 1969 Negligenter
411 1919 492 1955 haec
508 1916 701 1967 exscripta
732 1929 781 1953 ex
810 1918 995 1957 Athenaeo
1018 1920 1133 1962 XIII,

97 1992 137 2030 p.
158 1978 248 2025 587,
265 1982 308 2023 A,
329 1976 396 2014 ubi
432 1977 504 2014 sic:
524 1974 677 2015 Ναννίου
711 1972 748 2012 δὲ
777 1974 965 2030 Ὑπερίδης
991 1990 1133 2027 μνημο-

96 2035 188 2075 νεύει
209 2037 243 2074 ἐν
262 2037 312 2088 τῷ
329 2034 421 2074 κατὰ
440 2032 697 2088 Πατροκλέους.
715 2032 817 2080 Αὕτη
838 2033 874 2072 δὲ
891 2033 943 2072 ὅτι
960 2032 1028 2079 Αἲξ
1047 2036 1134 2072 ἐκα-

97 2096 195 2133 λεῖτο
218 2093 434 2147 προείπομεν
451 2092 508 2132 διὰ
528 2092 568 2132 τὸ
583 2093 724 2133 Θαλλὸν
741 2093 800 2132 τὸν
818 2093 976 2140 κάπηλον
1015 2092 1135 2138 ἐξανα-

96 2155 226 2192 λῶσαι·
254 2151 307 2191 ὅτι
321 2153 357 2191 δὲ
377 2153 495 2205 θαλλῷ
511 2151 693 2205 χαίρουσιν
718 2154 753 2190 αἳ
772 2145 883 2203 αἶγες,
906 2151 1026 2206 διόπερ
1062 2153 1134 2191 οὐδ’

98 2214 146 2256 εἷς
161 2210 349 2267 ἀκρόπολιν
371 2212 483 2251 ἄνεισι
501 2211 541 2250 τὸ
559 2214 662 2264 ζῷον,
682 2211 752 2250 οὐδ’
770 2210 858 2254 ὅλως
874 2211 1000 2265 Ἀθηνᾷ
1018 2211 1134 2250 θύεται

100 2355 204 2395 bens,
223 2362 414 2395 semperque
433 2353 535 2386 libros
556 2354 616 2385 hos
636 2351 866 2384 circumferens
885 2352 1111 2393 Aristophanis
1124 2376 1134 2393 ,

96 2404 133 2436 et
151 2401 356 2444 Apollodori,
380 2403 413 2432 et
430 2400 611 2439 Ammonii,
626 2402 661 2432 et
684 2400 897 2440 Antiphanis‚
919 2402 1015 2440 atque
1037 2401 1135 2432 etiam

98 2451 229 2491 Gorgiae
246 2448 466 2488 Atheniensis,
482 2447 539 2489 qui
553 2455 666 2479 omnes
681 2447 721 2479 de
736 2446 949 2479 meretriculis
964 2447 1136 2479 Athenien-

100 2497 193 2530 sibus
215 2495 422 2537 scripserunt.

143 2544 313 2585 Elegantes
347 2542 410 2574 inae
438 2541 573 2574 Athenae
595 2542 715 2572 nostrae
736 2540 860 2572 tantam
888 2539 1135 2572 multitudinem

102 2591 248 2624 tulerunt
280 2589 499 2622 meretricum.
584 2587 758 2620 Recensuit
790 2588 877 2619 certe
905 2586 1136 2627 Aristophanes

103 2638 278 2680 Byzantius
294 2638 427 2669 centurn
441 2636 474 2668 et
489 2634 621 2676 triginta
636 2634 779 2675 quinque.
795 2644 804 2673 ;
824 2632 1042 2675 Apollodorus
1056 2642 1135 2665 vero

104 2687 259 2727 majorem
281 2691 466 2716 numerum.

147 2792 193 2822 De
213 2790 427 2822 Phanostrata
448 2787 665 2829 Apollodorus
695 2786 730 2819 in
758 2786 842 2819 libro
858 2787 900 2819 de
921 2785 1136 2819 Meretriculis

107 2837 222 2869 Atticis
239 2837 304 2876 ait,
341 2834 571 2876 Phthiropylen
593 2834 694 2867 fuisse
722 2843 794 2867 eam
811 2835 1025 2876 appellatam,
1050 2833 1138 2875 quod

107 2893 168 2924 pro
190 2883 313 2915 foribus
335 2884 424 2915 stans
447 2882 611 2924 pediculos
626 2881 737 2913 venari
760 2882 960 2913 consuesset.
1037 2882 1136 2912 Mere-

109 2931 296 2963 tricularum
306 2932 356 2963 est
372 2939 549 2971 cognomen
562 2929 654 2968 illud,
664 2929 788 2971 Aphyae
800 2929 930 2970 (pisces)
945 2938 953 2960 :
967 2928 1009 2961 de
1018 2928 1138 2969 quibus

108 2977 283 3017 praedictus
298 2977 509 3017 Apollodorus
522 2976 566 3008 ait
582 2986 591 3007 z
609 2976 797 3017 Stagonium
812 2977 845 3008 et
860 2975 976 3008 Anthis
990 2984 1137 3015 sorores;

107 3033 184 3064 quae
205 3023 326 3064 Aphyae
347 3023 553 3062 dicebantur,
572 3023 661 3064 quod
672 3048 681 3063 ,
694 3032 796 3064 quum
812 3023 958 3056 candidae
978 3025 1011 3055 et
1024 3024 1139 3055 tenues

111 3073 238 3110 essent,
265 3070 361 3102 simul
379 3079 511 3110 magnos
530 3070 684 3103 haberent
701 3071 824 3103 oculos.

577 3124 666 3157 240.

155 3175 366 3207 Plianostrate
446 3174 656 3215 Apollodorus
681 3175 763 3208 libro
791 3175 832 3208 de
853 3175 974 3208 scortis
998 3176 1137 3216 Atticis,

114 3222 360 3255 Phanostratam
381 3220 580 3263 φθειροπύλην
596 3222 716 3254 dictam
738 3223 838 3255 fuisse
853 3225 1032 3262 memorat,
1049 3222 1139 3263 quod

115 3270 207 3302 stans
221 3275 289 3309 prae
304 3267 427 3299 foribus
449 3267 614 3307 pediculos
630 3269 826 3309 quaeritaret.

157 3372 317 3407 Nannium
390 3323 653 3414 Αροὶῐοᾱονιιξἶν’)1
663 3347 746 3406 libro
762 3373 803 3407 de
823 3375 961 3416 Scottis,
979 3376 1064 3408 hanc
1079 3383 1139 3408 me·

809 165 1141 206 APOLLODORI
1170 164 1509 206 FRAGMENTA.

1190 249 1249 288 διὰ
1279 254 1383 290 τοῦτο
1396 282 1406 301 ,
1427 251 1533 298 ἄλλος
1558 253 1658 293 ἔσται
1685 255 1795 306 λόγος.
1817 239 1955 296 Ἀλλὰὸ
1967 273 2007 308 γε
2035 251 2221 313 Σοφοκλῆς

1189 308 1224 347 ἐν
1243 309 1418 360 Ποιμέσιν
1432 320 1503 351 etc.
1523 315 1568 351 In
1590 315 1904 354 antecedentibus
1917 317 2120 355 Athenaeus
2135 321 2217 356 An-

1189 368 1359 420 tiphanis
1393 383 1491 422 opus
1515 371 1563 410 de
1595 374 1743 411 Scortis
1775 383 2065 413 memoraverat.
2096 376 2218 427 Igitur

1188 426 1291 465 hunc
1319 442 1405 467 cum
1433 430 1670 482 Apollodoro
1695 433 1912 471 confudisse
1944 433 2069 472 videri
2089 443 2219 486 potest

1189 488 1484 538 Harpocration.

1657 557 1706 597 24
1713 559 1748 597 2.

1243 625 1377 662 Athen.
1398 627 1517 673 XIII,
1534 639 1572 677 p.
1593 626 1683 676 591,
1707 631 1760 666 C:
1781 627 2038 683 Ἀπολλόδωρος
2062 628 2099 668 δὲ
2116 631 2151 669 ἐν
2173 633 2219 684 τῇ

1188 681 1269 737 περὶ
1293 684 1455 736 ἑταιρῶν,
1475 682 1536 722 δύο
1564 685 1758 739 ἀναγράφει
1779 685 1925 739 Φρύνας
1939 687 2139 739 γεγονέναι·
2170 682 2220 727 ὧν

1188 740 1260 838 Ξῂοζ
1275 740 1337 793 μὲν
1355 742 1598 781 ἐπικαλεῖσθαι
1619 744 1909 796 κλαυσιγέλωτα,
1940 744 2004 793 τὴν
2032 744 2069 784 δὲ
2085 745 2221 801 σαπέρ-

1598 869 1816 884 quo-*-

1485 917 1608 956 uEPl
1640 917 1927 970 ΚΡΑΤΗΡΟΣ,

1541 1045 1644 1078 ΠΕΡΙ
1665 995 1868 1078 ῙΞΙῙῨΣῙΚΩΝ.

1245 1119 1514 1170 «Singularem
1549 1118 1689 1156 librum
1720 1119 1794 1158 hoc
1812 1121 1924 1159 titulo
1942 1121 2088 1159 editum
2109 1121 2224 1159 fuisse

1190 1176 1239 1215 ab
1262 1177 1522 1229 Apollodoro,
1541 1177 1655 1215 valde
1676 1177 1831 1225 dubito;
1860 1179 1988 1229 potuit
2006 1193 2088 1217 esse
2107 1187 2225 1231 caput

1191 1236 1320 1287 operis
1352 1236 1621 1286 etymologici5
1639 1237 1748 1287 cujus
1778 1236 1927 1287 generis
1947 1251 2067 1289 opera
2091 1245 2130 1276 et
2152 1239 2225 1277 alia

1192 1302 1545 1332 commemorantur
1563 1294 1604 1332 in
1634 1295 1766 1333 titulos
1801 1296 1944 1343 divisa,
1965 1310 2063 1347 quos
2081 1298 2224 1348 passim

1191 1362 1263 1404 pro
1319 1352 1577 1405 singularibus
1627 1353 1767 1392 libellis
1815 1354 1950 1393 haberi
2009 1357 2195 1408 suspicor.
2209 1373 2225 1390 »

1190 1415 1366 1461 Heynius.

1659 1481 1750 1522 243.

1243 1546 1447 1585 Athenaeus
1466 1550 1548 1593 XI,
1582 1561 1619 1599 p.
1661 1547 1761 1596 501,
1794 1551 1848 1594 A,
1880 1547 1929 1585 de
1957 1547 2059 1586 vasis
2085 1561 2225 1599 genere

1191 1604 1297 1655 quod
1318 1604 1509 1658 ἀμφίθετον
1530 1605 1676 1643 dictum
1696 1621 1704 1643 ε
1725 1604 1918 1659 Παρθένιος
1937 1605 1967 1644 δ’
1980 1609 2000 1645 ὁ
2017 1609 2078 1645 τοῦ
2097 1607 2226 1645 Διονυ-

1193 1663 1268 1702 σίου
1287 1663 1475 1717 ἀμφίθετον
1497 1664 1617 1703 ἀκούει
1630 1664 1694 1712 τὴν
1721 1664 1919 1717 ἀπύθμενον
1931 1665 2074 1719 φιάλην·
2094 1665 2228 1705 Ἀπολ-

1191 1727 1343 1781 λόδωρος
1363 1728 1393 1766 δ’
1406 1731 1425 1767 ὁ
1445 1728 1624 1776 Ἀθηναῖος
1639 1730 1672 1768 ἐν
1693 1732 1744 1783 τῷ
1765 1729 1845 1784 περὶ
1865 1731 1925 1768 τοῦ
1957 1732 2128 1783 κρατῆρος
2159 1732 2226 1783 ρη-

1190 1786 1310 1839 -σειδίῳ
1329 1786 1393 1834 τὴν
1411 1785 1503 1826 κατὰ
1519 1787 1578 1826 τὸν
1598 1787 1758 1838 πυθμένα
1775 1787 1825 1841 μὴ
1849 1787 2042 1839 δυναμένην
2072 1788 2227 1828 τίθεσθαι

1192 1845 1251 1884 καὶ
1266 1844 1468 1898 ἐρείδεσθαι,
1482 1845 1574 1885 ἀλλὰ
1590 1846 1682 1884 κατὰ
1699 1847 1740 1886 τὸ
1756 1847 1882 1899 στόμα.
1895 1849 2109 1900 Exscripsit
2124 1848 2227 1886 hunc

1193 1905 1216 1941 l.
1241 1905 1415 1942 Eustath.
1445 1905 1493 1942 ad
1514 1906 1557 1944 Il.
1572 1907 1631 1954 Ψ,
1646 1907 1736 1951 616,
1757 1921 1794 1958 p.
1818 1920 1944 1957 1299:
1968 1906 2228 1959 Ἀπολλόδωρος

1194 1961 1248 2010 δὲ,
1269 1962 1387 2015 φασὶν,
1407 1963 1595 2017 ἀμφίθετον
1615 1963 1732 2016 λέγει,
1757 1964 1821 2012 τὴν
1853 1964 1902 2016 μὴ
1924 1965 2016 2004 κατὰ
2043 1964 2227 2017 πυθμένα,

1193 2020 1285 2060 κατὰ
1303 2021 1407 2073 μόνον
1427 2021 1464 2061 δὲ
1486 2022 1602 2075 στόμα
1621 2024 1817 2076 δυναμένην
1832 2025 2036 2078 ἐρείδεσθαι.

1663 2094 1752 2134 244.

1245 2156 1449 2195 Athenaeus
1463 2161 1541 2207 XI,
1568 2171 1607 2210 p:
1630 2165 1719 2209 479,
1740 2162 1774 2197 A
1795 2173 1804 2196 z
1823 2158 1980 2206 Κοτύλη.
2054 2157 2226 2198 Ἀπολλό-

1195 2214 1303 2266 δωρος
1323 2214 1360 2253 δὲ
1379 2216 1547 2270 ποτηρίου
1566 2233 1601 2255 τι
1614 2217 1711 2269 γένος
1723 2218 1855 2271 ὑψηλὸν
1869 2218 1929 2256 καὶ
1950 2217 2119 2271 ἔγκοιλον.

1191 2355 1339 2388 retn'cem
1359 2359 1513 2397 Capram
1528 2357 1649 2389 dictam
1667 2355 1766 2390 fuisse
1781 2360 1958 2397 memorat,
1974 2359 2060 2400 quod
2077 2358 2225 2391 Thallum

1192 2401 1293 2442 (quod
1310 2402 1471 2443 significat
1485 2411 1627 2436 ramum
1637 2405 1878 2445 frondentem,
1896 2405 2008 2447 quales
2029 2407 2166 2447 carpunt
2177 2414 2226 2438 ca-

1192 2449 1272 2490 prae)
1294 2449 1476 2483 institorem
1492 2451 1586 2483 bonis
1602 2451 1833 2484 det'raudasset.

1659 2517 1749 2550 242.

1233 2579 1447 2619 Apollodorus
1480 2580 1513 2612 in
1533 2581 1616 2612 libro
1631 2581 1671 2613 de
1689 2581 1930 2620 Meretricibus‚
1953 2581 2036 2613 duas
2061 2584 2220 2613 memorat

1194 2626 1340 2667 Plu-ynas
1357 2627 1457 2659 fuisse
1468 2651 1477 2667 ,
1494 2636 1632 2668 quarum
1649 2628 1741 2659 alteri
1759 2629 1955 2669 Clausigelos
1973 2629 2069 2668 (risus
2083 2627 2224 2660 lacrimis

1191 2673 1328 2714 mixtus)
1345 2683 1522 2715 cognomen
1535 2674 1644 2715 fuerit,
1655 2674 1745 2706 alteri
1761 2675 2070 2716 Saperdium·(piscis
2080 2674 2222 2715 nomen).

1529 2818 1598 2857 DE
1629 2819 1881 2859 CRATERE.

1685 2888 1739 2920 vel

1574 2947 1643 2986 DE
1671 2947 1838 2987 VASIS.

1235 3069 1426 3102 Parthenius
1443 3093 1452 3109 ‚
1485 3069 1632 3110 Dionysii
1664 3069 1865 3110 discipulus,
1896 3068 2060 3110 ἀμφίθετον
2081 3067 2222 3109 phialam

1193 3116 1342 3157 intelligit
1355 3141 1364 3157 ,
1397 3125 1470 3157 quae
1502 3115 1595 3148 basin
1629 3125 1693 3148 non
1730 3116 1845 3148 habeat
1861 3127 1870 3156 ;
1900 3115 2115 3157 Apollodorus
2144 3124 2222 3148 vero

1194 3164 1421 3204 Atheniensis,
1442 3164 1476 3195 in
1495 3163 1566 3196 loco
1588 3163 1628 3196 de
1649 3166 1780 3198 cratere
1801 3164 2030 3204 interpretatur
2053 3174 2070 3190 «
2093 3171 2167 3203 quae
2187 3162 2222 3195 in

1194 3212 1296 3244 fundo
1311 3221 1378 3244 non
1392 3211 1469 3252 poni
1485 3211 1684 3252 firmiterque
1700 3211 1799 3244 statui
1815 3210 1936 3252 possit,
1952 3209 2010 3242 sed
2025 3209 2059 3241 in
2075 3217 2142 3242 ore.
2161 3221 2177 3237 ι»

1660 3276 1751 3310 244.

1236 3328 1450 3370 Apollodorus
1463 3327 1614 3369 cotylam
1629 3327 1707 3361 dicit
1724 3335 1795 3361 esse
1821 3341 1837 3356 «ι
1851 3326 1960 3369 poculi
1974 3334 2075 3368 genus
2089 3324 2221 3367 aliquod

1195 3375 1297 3409 altum
1313 3377 1346 3409 et
1361 3384 1552 3408 concavum.
1571 3388 1587 3403 »
