2320 3684
839 167 1039 207 XANTHI
1066 168 1398 210 FRAGMENTA.
2133 179 2181 211 37

58 243 233 313 Ἆρίμους,
253 256 314 297 καὶ
332 256 396 305 τὴν
417 254 740 306 Κατακεκαυμένην
760 253 892 301 ταύτην
913 249 1002 295 εἶναί
1024 270 1090 307 φα-

56 333 129 356 σιν·
149 319 211 356 οὐκ
229 319 368 356 ὀκνοῦσι
394 314 431 354 δὲ
465 314 526 353 καὶ
557 313 603 353 τὰ
633 312 763 364 μεταξὺ
795 312 1001 365 Μαιάνδρου
1033 314 1092 351 καὶ

57 377 181 416 Λυδῶν
202 375 327 415 ἅπανθ’
345 377 500 413 ὑπονοεῖν
518 375 665 411 τοιαῦτα
686 372 819 423 (vulgo
853 371 995 423 ταῦτα)·
1031 372 1094 410 καὶ

58 436 115 474 διὰ
127 435 167 474 τὸ
179 436 309 482 πλῆθος
320 435 389 472 τῶν
402 434 535 483 λιμνῶν
554 430 615 470 καὶ
631 433 815 483 ποταμῶν,
831 430 891 469 ,καὶ
910 431 990 474 τοὺς
1007 432 1095 468 πολ-

58 496 173 547 λαχοῦ
195 495 396 544 κευθμῶνας
412 493 474 538 τῆς
507 493 582 542 γῆς.
597 489 644 530 Ἡ
664 489 701 528 δὲ
720 489 850 542 μεταξὺ
885 489 1094 533 Λαοδικείας

58 553 119 591 καὶ
142 551 335 604 Ἀπαμείας
363 549 484 602 λίμνη,
513 549 572 589 καὶ
595 548 798 611 βορὸορώδη
825 547 885 587 καὶ
915 547 1091 599 ὑπόνομον

58 610 122 659 τὴν
142 608 322 664 ἀποφορὰν
343 608 417 663 ἔχει
434 608 588 660 πελαγία
606 612 714 647 οὖσα·
735 607 818 662 φασὶ
839 606 876 646 δὲ
900 606 961 647 καὶ
996 606 1095 652 δίκας

59 663 147 709 εἶναι
186 671 237 723 τῷ
264 667 460 722 Μαιάνδρῳ
488 667 719 722 μεταφέροντι
745 666 808 710 τὰς
843 666 985 720 χώρας,
1010 665 1092 705 ὅταν

58 729 353 783 περικρουσθῶσιν
383 728 415 765 οἱ
448 728 602 778 ἀγκῶνες
617 743 624 751 ·
645 726 788 770 ἁλόντος
815 725 853 764 δὲ
871 725 932 770 τὰς
968 725 1095 778 ζημίας

58 789 100 826 ἐκ
119 790 189 826 τῶν
211 787 415 840 πορθμικῶν
429 785 630 824 διαλύεσθαι
648 787 771 825 τελῶν.

112 845 352 894 Quibuscum
365 845 636 896 conjungenda
646 853 736 883 sunt
746 845 829 882 haec
851 843 920 882 lib.
929 846 1040 888 XIII,
1053 857 1092 895 p,

59 906 136 943 628
151 920 161 944 ε
174 902 278 943 Μετὰ
289 902 326 942 δὲ
335 903 434 942 ταῦτ’
450 902 543 942 ἐστὶν
556 906 577 950 ἡ
595 902 900 954 Κατακεκαυμένη
920 901 1092 954 λεγομένη

59 962 172 1017 χώρα,
192 965 302 1014 μῆκος
319 961 382 1014 μὲν
397 960 457 1000 καὶ
476 961 715 999 πεντακοσίων
730 960 895 1009 σταδίων,
907 959 1040 1004 πλάτος
1057 959 1094 998 δὲ

59 1021 307 1076 τετρακοσίων,
324 1019 393 1060 εἴτε
409 1019 553 1059 Μυσίαν
568 1019 637 1075 χρὴ
664 1021 797 1059 καλεῖν·
818 1019 887 1059 εἴτε
909 1019 1072 1073 Μῃονίαν
1083 1035 1092 1044 ·

60 1079 200 1133 λέγεται
221 1079 288 1134 γὰρ
306 1078 524 1134 ἀμφοτέρως·
545 1079 686 1118 ἅπαντα
705 1078 883 1133 ἄδενδρος,
903 1078 997 1127 πλὴν
1018 1081 1093 1130 ἀμ-

62 1139 168 1178 πέλου
187 1142 249 1187 τῆς
260 1139 319 1178 τὸν
345 1138 704 1189 Κατακεκαυμενίτην
725 1137 896 1193 φερούσης
912 1131 1019 1190 οἶνον,
1037 1139 1094 1177 οὐ·

61 1198 155 1243 δενὸς
172 1201 243 1238 τῶν
265 1197 460 1250 ἐλλογίμων
487 1200 595 1252 ἀρετῇ
627 1197 848 1250 λειπόμενον.
875 1197 982 1238 Ἔστι
1010 1196 1047 1236 δὲ
1070 1200 1092 1244 ἡ

61 1258 246 1313 ἐπιφάνεια
262 1257 440 1311 τεφρώδης
459 1259 529 1296 τῶν
549 1257 677 1296 πεδίων
689 1273 698 1282 ·
719 1261 741 1305 ἠ
763 1257 799 1295 δὲ
818 1256 934 1309 ὀρεινὴ
956 1256 1016 1295 καὶ
1032 1272 1094 1295 πε-

62 1334 84 1356 τ
104 1316 213 1365 ώδης,
232 1316 381 1369 μέλαινα
395 1318 441 1360 ὡς
459 1315 499 1355 ἂν
520 1316 554 1362 ἐξ
574 1316 800 1360 ἐπικαύσεως.
821 1316 1011 1362 Εἷκάζουσι
1031 1316 1094 1367 μὲν

63 1392 122 1415 ουν
138 1375 228 1420 τινὲς
241 1378 282 1415 ἐκ
297 1375 575 1430 κεραυνοὸολιῶν
594 1375 655 1414 καὶ
676 1375 890 1430 πρηστήρων
915 1375 1095 1427 συμὸἢναι

63 1439 209 1475 τοιοῦτο·
240 1434 300 1474 καὶ
334 1436 396 1475 οὒκ
424 1437 564 1474 ὀκνοῦσι
586 1434 631 1474 τὰ
661 1434 742 1488 περὶ
766 1434 826 1473 τὸν
858 1437 1014 1488 Τυφῶνα
1039 1435 1096 1472 ἐν-

63 1497 174 1533 ταῦθα
197 1495 413 1546 μυθολογεῖν.
432 1493 569 1538 Ξάνθος
586 1493 622 1532 δὲ
642 1493 703 1532 καὶ
724 1493 885 1548 Ἀριμοῧν
900 1509 980 1532 τινα
1001 1493 1096 1545 λέγει

25 1590 32 1594 .
63 1555 132 1592 τῶν
145 1553 262 1592 τόπων
277 1552 410 1592 τούτων
426 1552 586 1604 βασιλέα.
605 1556 664 1591 Ex
677 1554 815 1591 eodem
829 1554 980 1592 Xanthi
996 1553 1095 1591 libro

64 1615 278 1652 Creuzerus
292 1613 509 1664 suspicatur
527 1612 704 1650 desumta
715 1626 795 1650 esse
812 1626 898 1664 quae
918 1613 1097 1663 leguntur

63 1673 168 1724 apud
180 1673 377 1712 Aristotel.
398 1676 458 1711 De
478 1671 613 1710 mirab.
630 1673 790 1710 auscult.
806 1686 838 1710 c.
855 1673 928 1722 39:
944 1670 1096 1723 Λέγεται

64 1730 101 1770 δὲ
122 1731 182 1771 καὶ
200 1731 281 1785 περὶ
304 1730 435 1770 Λυδίαν
459 1729 692 1785 ἀναφέρεσθαι
711 1734 782 1784 πῦρ
799 1729 1012 1782 πάμπληθες
1035 1730 1095 1768 καὶ

63 1791 223 1830 καίεσθαι
239 1791 292 1845 ἐφ’
309 1789 444 1844 ἡμέρας
460 1789 563 1832 ἑπτά.
580 1790 686 1829 Idem
699 1793 913 1829 Creuzerus
924 1790 971 1827 ad
989 1793 1098 1829 Xan-

65 1850 172 1888 thum
183 1850 241 1887 vel
259 1849 307 1887 ad
324 1849 440 1887 alium
455 1849 711 1899 Lydiacarum
722 1862 850 1887 rerum
866 1849 1094 1900 scriptorem

65 1908 202 1946 referri
225 1920 338 1959 posse
360 1908 414 1945 ait
430 1921 516 1959 cap.
538 1908 586 1945 53
604 1907 652 1946 de
671 1907 825 1946 ossibus
839 1908 1018 1946 humanis
1031 1921 1098 1946 va-

64 1967 192 2017 sisque
208 1967 248 2005 in
276 1966 446 2018 lapidem
463 1966 677 2015 obduratis,
697 1968 941 2019 repertisque
959 1967 995 2004 in
1016 1981 1098 2005 me-

65 2026 164 2064 tallis
186 2025 318 2077 Lydiae
336 2039 358 2063 a
378 2029 512 2065 Croeso
532 2027 654 2072 factis,
675 2034 713 2065 et
739 2040 826 2078 quae
850 2026 998 2064 ibidem
1023 2035 1098 2065 tra-

64 2084 210 2123 duntur
229 2084 278 2123 de
292 2085 507 2124 Pithecusis
520 2085 668 2123 insulis.

117 2190 375 2238 StraboXIV‚
392 2205 432 2242 p.
447 2192 543 2230 680:
558 2190 604 2231 ‘O
616 2190 679 2243 μὲν
697 2190 764 2245 γὰρ
775 2191 911 2236 Ξάνθος
930 2194 949 2231 ὃ
968 2191 1097 2238 Λυδὸς,

64 2249 155 2302 μετὰ
173 2250 218 2289 τὰ
239 2248 386 2304 Τρωϊκὰ
414 2250 518 2304 φησὶν
547 2251 656 2289 ἐλθεῖν
687 2250 766 2295 τοὺς
791 2251 940 2304 Φρύγας
967 2253 1008 2290 ἐκ
1037 2255 1100 2299 τῆς

64 2308 242 2364 Εὐρώπης
279 2308 339 2348 καὶ
365 2310 432 2347 τῶν
454 2310 644 2363 ἀριστερῶν
669 2314 731 2349 τοῦ
776 2309 935 2350 Πόντου·
954 2312 1098 2362 ἀγαγεῖν

65 2367 95 2405 δ’
116 2366 240 2410 αὐτοὺς
260 2366 508 2421 Σκαμάνδριον
528 2369 568 2406 ἐκ
587 2367 808 2422 Βερεκύντων
822 2369 882 2407 καὶ
895 2368 1096 2412 Ἀσκανίας.

65 2483 210 2515 Arimos:
224 2482 563 2516 etcatakekaumenen
579 2492 650 2516 eam
669 2484 851 2525 appellant.
868 2484 990 2517 audent
998 2484 1094 2516 etiam

65 2531 175 2564 omnia
185 2554 195 2571 ,
218 2539 293 2572 quae
308 2532 387 2564 sunt
404 2531 488 2565 inter
502 2533 612 2574 Lydos
627 2542 665 2566 ac
680 2533 883 2566 Maeandrum
900 2556 910 2573 ,
933 2532 1047 2565 eodem
1064 2532 1098 2564 in

67 2580 172 2611 tractu
186 2586 334 2618 censere,
358 2587 433 2610 cum
447 2579 490 2611 ob
508 2579 667 2621 paludum
683 2581 717 2613 et
729 2579 906 2613 fluviorum
921 2579 1099 2612 multitudi-

66 2634 141 2658 nem
154 2649 164 2665 ‚
185 2627 258 2657 tum
273 2624 316 2657 ob
334 2625 464 2658 crebras
481 2627 575 2659 terrae
594 2636 761 2659 cavernas.
785 2629 859 2659 Jam
876 2627 971 2669 palus
985 2651 996 2668 ,
1024 2636 1099 2668 quae

67 2672 259 2705 Laodiceam
283 2675 316 2704 et
337 2674 514 2713 Apameam
532 2674 716 2715 interjacet,
740 2683 926 2716 quanquam
944 2674 1044 2706 maris
1066 2674 1098 2706 in

68 2727 190 2752 morem
203 2718 268 2751 alta
281 2720 342 2758 est,
366 2727 535 2752 coenosum
550 2723 659 2754 tamen
675 2721 844 2762 quidpiam
859 2724 891 2754 et
906 2721 1000 2762 quasi
1018 2730 1037 2753 e
1047 2730 1100 2753 cu-

68 2765 177 2799 niculo
191 2765 307 2798 elisum
321 2765 402 2798 edit.
422 2767 525 2800 Aiunt
538 2767 635 2800 etiam
649 2767 684 2800 in
694 2768 748 2809 jus
762 2768 872 2800 vocari
884 2768 1098 2808 Maeandrum,

68 2822 170 2855 quum
184 2812 328 2855 prorutis
339 2812 498 2847 limitibus
512 2823 661 2856 agrorum
677 2815 758 2848 fines
771 2818 886 2856 mutat,
901 2816 1101 2857 multamque

69 2861 109 2894 ab
123 2870 163 2894 eo
177 2860 271 2901 exigi,
287 2861 385 2901 atque
400 2862 487 2897 sumi
502 2871 522 2895 e
535 2862 750 2904 vectigalibus
765 2863 973 2903 trajectuum.

110 2907 262 2949 sequitur
280 2907 379 2948 regio,
395 2917 470 2950 quae
486 2910 774 2947 catakekaumene,
790 2910 831 2942 id
844 2912 897 2945 est
908 2910 1099 2951 combusta,

70 2954 188 2987 dicitur
200 2977 210 2995 ,
226 2953 428 2994 longitudine
445 2956 543 2988 etiarn
557 2957 810 2998 quingentorum
823 2957 1016 2997 stadiorum,
1035 2957 1101 2989 lati-

71 3001 184 3035 tudine
200 2999 506 3042 quadringentorum
516 3027 525 3043 ,
542 2999 611 3036 sire
622 3013 661 3037 ea
678 3005 783 3046 Mysia
799 3006 866 3045 est,
885 3003 956 3038 sive
970 3006 1100 3037 Meonia

73 3047 261 3090 appellanda
276 3056 285 3079 z
307 3049 485 3091 utrumque
497 3050 584 3083 enim
601 3051 750 3084 traditur.
774 3051 953 3084 Arboribus
967 3060 1101 3093 prorsus

71 3098 158 3128 caret
170 3118 181 3135 ,
197 3094 306 3127 demta
323 3095 391 3128 vite
403 3119 414 3137 ‚
434 3106 509 3138 quae
524 3098 639 3130 vinum
654 3098 975 3135 Gatakekaumenites
990 3098 1101 3140 gignit,

72 3147 161 3180 nullo
178 3145 334 3179 nobilium
351 3147 505 3182 vinorum
519 3150 673 3183 deterius.
697 3153 896 3193 camporum
916 3151 1101 3193 superficies

72 3197 123 3228 est
134 3193 296 3226 cineritia:
315 3198 469 3229 montana
483 3199 516 3230 et
531 3206 649 3231 saxosa
664 3198 746 3239 nigri
761 3201 838 3231 sunt
853 3198 983 3238 coloris,
999 3197 1100 3230 veluti

72 3250 113 3275 ex
126 3239 306 3274 adustione.
330 3241 443 3282 ltaque
458 3246 536 3277 sunt
550 3244 605 3285 qui
620 3253 639 3277 a
653 3244 849 3278 fulminibus
862 3248 894 3278 et
906 3245 1034 3277 coelitus
1045 3245 1101 3276 im·

1206 311 1340 361 steph.
1373 313 1461 361 Byz.
1484 325 1493 347 :
1514 308 1666 355 Λόκοζος
1689 309 1788 354 πόλις
1807 309 1967 365 Φρυγίας
1980 339 1989 357 ,
2010 310 2053 357 ἣν
2069 309 2180 364 ᾤκουν

1154 369 1293 423 Θρᾷκες
1321 368 1493 414 Λοκόζιοι·
1507 369 1727 417 κατεκλύσθη
1742 368 1790 417 δὲ,
1807 371 1854 413 ὡς
1866 368 2003 414 Ξάνθος
2017 372 2035 408 ὁ
2054 370 2182 420 Λυδὸς,

1154 426 1190 469 ὃς
1211 427 1270 465 καὶ
1288 425 1345 464 διὰ
1362 430 1422 466 τοῦ
1445 427 1460 472 ξ
1479 427 1607 482 γράφει
1625 429 1660 467 ἑν
1680 427 1819 477 τόποις,
1836 427 2025 473 Λοκοξίτας
2043 428 2183 473 τούτους

1154 486 1286 523 καλῶν.
1300 487 1526 524 Welckerus
1539 487 1563 524 l.
1583 488 1604 525 l.
1622 496 1731 538 putat
1748 488 1922 538 Dionysii
1935 487 2024 525 libri
2035 497 2181 539 partem

1155 545 1272 583 fuisse
1284 543 1386 583 τόποι
1406 545 1645 597 inscriptam,
1663 561 1749 599 quae
1768 548 1943 586 locorum
1955 547 2185 599 descriptio-

1155 617 1222 642 nes
1248 612 1498 642 continuerit.

1211 721 1341 760 Schol.
1367 722 1548 772 Apollon.
1566 725 1604 760 II
1619 751 1629 769 ‚
1659 729 1732 770 724
1751 738 1759 761 z
1784 724 2006 778 Σαγγάριος,
2028 723 2185 775 ποταμὸς

1155 779 1335 834 Φρυγίας·
1356 783 1375 818 ὁ
1395 779 1430 817 δὲ
1450 780 1653 833 Μυρλεανὸς
1677 780 1864 835 Σάγγαρον
1892 782 1995 821 αὐτὸν
2023 782 2185 834 λέγεσθαι

1155 839 1273 893 φησίν.
1286 838 1504 893 Ἑρμογένης
1521 838 1558 876 δὲ
1574 840 1610 877 ἐν
1620 841 1671 893 τῷ
1684 840 1764 893 περὶ
1780 842 1942 895 Φρυγίας
1960 842 2079 896 φησὶν,
2095 841 2187 893 Σοίγ-

1154 914 1220 950 γαν
1238 897 1317 936 τινὰ
1337 897 1564 945 ἀσεὸήσαντα
1583 898 1663 950 περὶ
1686 897 1749 946 τὴν
1765 899 1885 949 Ῥέαν,
1905 900 2116 952 μεταὸαλεῖν
2140 903 2187 944 εἷς

1154 961 1257 996 τοῦτο
1271 957 1312 996 τὸ
1330 956 1437 1011 ὕδωρ,
1453 956 1514 995 καὶ
1532 956 1594 994 ἀπ’
1608 959 1714 995 αὐτοῦ
1728 956 1786 996 τὸν
1803 959 1961 1010 ποταμὸν
1986 961 2186 1014 Σαγγάριόν

1154 1018 1404 1068 ὀνομασθῆναι·
1423 1015 1571 1063 πλησίον
1592 1015 1629 1054 δὲ
1645 1017 1750 1055 αὐτοῦ
1764 1017 1876 1069 ὀρείας
1891 1018 2077 1072 Δήμητρος
2096 1019 2186 1072 ἱερόν

1155 1077 1262 1124 ἐστιν,
1282 1075 1329 1120 ὥς
1350 1091 1437 1130 φησι
1460 1075 1608 1119 Ξάνθος.
1626 1079 1684 1114 Ex
1705 1076 1861 1114 Xantho
1887 1080 2098 1116 Creuzerus
2117 1079 2189 1116 flu—

1155 1137 1256 1174 xisse
1276 1131 1387 1187 putat
1402 1136 1518 1174 etiam
1544 1135 1625 1173 haec
1658 1136 1763 1186 apud
1783 1139 1975 1187 Anonym.
2015 1138 2054 1174 in
2087 1139 2186 1175 Bibl.

1157 1197 1231 1234 der
1246 1199 1351 1232 alten
1377 1197 1452 1233 Lit.
1480 1209 1515 1233 u.
1543 1198 1688 1232 Kunst.
1710 1197 1796 1232 VII.
1815 1195 1923 1233 Ined.
1951 1209 1988 1246 p.
2019 1197 2088 1233 16:
2111 1196 2190 1235 Ἀλ-

1156 1259 1276 1308 φαῖος,
1291 1256 1310 1292 ὁ
1330 1253 1533 1308 Σαγγαρίου
1552 1257 1614 1292 τοῦ
1633 1257 1796 1304 ποταμοῦ
1817 1252 1900 1303 υἱὸς,
1913 1254 2058 1301 Ἀθηνᾶν
2079 1256 2188 1301 αὐλη-

1155 1311 1255 1360 τικὴν
1282 1312 1441 1360 διδάξας,
1468 1312 1529 1351 καὶ
1565 1311 1770 1365 βιαζόμενος
1794 1313 1858 1361 τὴν
1886 1312 1978 1361 θεὸν,
2009 1313 2077 1353 ὑπὸ
2111 1313 2191 1356 Διὸς

1155 1371 1390 1425 ἐκεραυνώθη.

1209 1483 1350 1524 Strabo
1375 1487 1468 1532 XII,
1492 1498 1529 1536 p.
1554 1484 1628 1534 572
1644 1500 1653 1523 ε
1668 1483 1753 1524 Ὅτι
1777 1485 1856 1529 τοὺς
1881 1485 2043 1535 Μύσους,
2076 1488 2107 1524 οἱ
2128 1485 2190 1538 μὲν

1157 1545 1304 1598 Θρᾷκας
1320 1574 1332 1596 ,
1355 1545 1386 1582 οἱ
1407 1544 1444 1582 δὲ
1471 1542 1606 1588 Λυδοὺς
1625 1543 1787 1598 εἰρήκασι
1807 1544 1886 1583 κατ’
1903 1544 2017 1583 αἰτίαν
2035 1545 2191 1584 παλαιὰν

1155 1605 1371 1657 ἱστοροῦντες
1383 1633 1392 1650 ,
1406 1603 1450 1650 ἣν
1466 1602 1603 1646 Ξάνθος
1616 1605 1635 1641 ὁ
1654 1603 1766 1647 Λυδὸς
1787 1602 1912 1658 γράφει
1930 1604 1992 1648 καὶ
2007 1605 2192 1658 Μενεκρά-

1156 1678 1219 1710 της
1241 1665 1259 1700 ὁ
1281 1662 1469 1710 Ἐλαίτης·
1490 1663 1780 1715 ἐτυμολογοῦντες
1794 1663 1856 1702 καὶ
1875 1663 1916 1702 τὸ
1932 1663 2044 1716 ὄνομα
2062 1664 2103 1703 τὸ
2122 1667 2191 1703 τῶν

1157 1723 1290 1760 Μυσῶν
1329 1721 1382 1760 ὅτι
1405 1720 1470 1769 τὴν
1502 1721 1604 1769 ὀξύην
1624 1720 1741 1766 ὀὕτως
1772 1719 2004 1774 ὀνομάζουσιν
2019 1725 2051 1762 οἱ
2065 1724 2190 1763 Λυδοί·

1157 1779 1272 1828 πολλὴ
1297 1781 1326 1819 δ’
1345 1784 1368 1828 ἡ
1390 1780 1472 1828 ὀξύη
1492 1779 1585 1825 κατὰ
1603 1780 1662 1819 τὸν
1681 1780 1883 1833 Ὄλυμπον,
1903 1781 1991 1821 ὅπου
2010 1783 2193 1831 ἕκτεθῆναί

1157 1855 1243 1894 φασι
1266 1839 1345 1884 τοὺς
1364 1839 1635 1883 δεκατευθέντας
1650 1855 1658 1864 ·
1683 1840 1824 1879 ἐκείνων
1842 1839 1879 1879 δὲ
1896 1841 2087 1894 ἀπογόνους
2104 1836 2192 1881 εἶναι

1155 1899 1235 1944 τοὺς
1250 1898 1393 1954 ὕστερον
1411 1898 1573 1948 Μυσοὺς,
1593 1898 1663 1937 ἀπὸ
1680 1901 1743 1947 τῆς
1769 1898 1870 1948 ὀξύης
1900 1899 2191 1955 οὔτιᾶπροσαγο-

1159 1957 1350 2012 ρευθέντας·
1366 1964 1554 2012 μαρτυρεῖν
1572 1957 1608 1997 δὲ
1627 1958 1685 2002 καὶ
1705 1957 1768 2006 τὴν
1790 1959 1981 1999 διάλεκτον·
1997 1960 2191 2012 μιξολύδιον

1157 2016 1226 2071 γάρ
1244 2034 1320 2062 πως
1354 2011 1443 2056 εἶναι
1462 2017 1521 2056 καὶ
1546 2016 1784 2072 μιξοφρύγιον.
1799 2018 1900 2063 Τέως
1919 2019 1983 2070 μὲν
2001 2019 2068 2074 γὰρ
2088 2021 2191 2059 οἰκεῖν

1160 2076 1284 2121 αὐτοὺς
1311 2076 1392 2131 περὶ
1423 2076 1481 2116 τὸν
1505 2076 1708 2128 Ὄλυμπον·
1735 2080 1804 2116 τῶν
1828 2077 1866 2116 δὲ
1894 2078 2047 2132 Φρύγων
2073 2081 2113 2118 ἐκ
2131 2082 2192 2126 τῆς

1159 2136 1305 2191 Θρᾴκης
1324 2135 1606 2191 περαιωθέντων,
1624 2135 1757 2176 εἵλοντο
1773 2136 1832 2176 τόν
1851 2154 1889 2176 τε
1905 2141 1967 2186 τ’ἦς
1983 2138 2113 2192 Τροίας
2133 2138 2193 2192 ἄρ-

1161 2212 1285 2250 χοντα,
1312 2196 1373 2235 καὶ
1401 2199 1464 2243 τῆς
1492 2195 1643 2244 πλησίον
1670 2199 1753 2248 γῆς·
1776 2196 1927 2242 ἐκείνους
1958 2198 2021 2249 μὲν
2043 2199 2192 2236 ἐνταῦθα

1159 2257 1311 2302 οἷκῆσαι·
1332 2254 1411 2300 τοὺς
1428 2253 1464 2293 δὲ
1481 2254 1622 2298 Μυσοὺς
1632 2255 1712 2309 περὶ
1727 2254 1791 2299 τὰς
1810 2257 1998 2309 (Mscripti
2015 2256 2102 2310 ὑπὲρ
2114 2255 2190 2307 τὰς)

1159 2319 1221 2354 τοῦ
1242 2311 1379 2354 Καΐκου
1398 2313 1514 2365 πηγὰς
1533 2314 1685 2362 πλησίον
1707 2315 1844 2354 Λυδῶν.

1213 2375 1388 2424 Mysiam,
1417 2374 1591 2412 Thraciae
1614 2375 1831 2426 regionem,
1859 2386 2050 2414 memorat
2076 2376 2190 2414 etiam

1202 2539 1287 2570 Nam
1301 2538 1452 2570 Xanthus
1465 2537 1579 2580 Lydus
1594 2491 1680 2579 post5
1680 2515 1799 2570 bellum
1817 2539 1989 2579 Trojanum
2005 2538 2050 2570 ait
2062 2540 2190 2571 venisse

1159 2585 1305 2626 Phrygas
1325 2594 1366 2617 ex
1381 2587 1512 2626 Europa
1540 2586 1572 2617 et
1598 2584 1729 2617 sinistra
1750 2585 1844 2618 Ponti
1863 2587 1952 2627 parte
1965 2608 1974 2620 ‚
1996 2585 2152 2617 adductos
2170 2594 2190 2617 a

1158 2631 1367 2664 Scamandrio
1382 2641 1400 2664 e
1410 2632 1598 2673 Berecyntis
1613 2633 1645 2664 et
1665 2632 1813 2664 Ascania.

1199 2728 1366 2766 Locozus,
1384 2726 1464 2759 urbs
1478 2726 1628 2767 Phrygiae
1642 2682 1773 2768 ,unam
1792 2726 1931 2759 Thraces
1950 2726 2079 2758 Loeozii
2105 2726 2188 2758 inco-

1158 2773 1298 2806 luerunt.
1321 2774 1488 2806 Diluvium
1516 2782 1612 2815 passa
1640 2776 1690 2806 est
1702 2775 1831 2805 auctore
1853 2774 1982 2805 Xantho
1997 2773 2086 2819 Lydo
2101 2797 2110 2813 ‚
2129 2774 2186 2815 qui

1157 2830 1273 2854 vocem
1287 2830 1344 2861 per
1361 2831 1380 2853 x
1399 2821 1511 2854 scribit
1525 2821 1559 2853 in
1573 2821 1679 2861 Locis,
1696 2829 1750 2852 eos
1763 2820 1936 2852 Locoxitas
1957 2821 2132 2862 appellans.

1201 2916 1385 2957 Sangarius,
1402 2914 1520 2947 fluvius
1533 2871 1690 2955 Phrygige,
1706 2922 1802 2954 quem
1818 2913 2002 2955 Myrleanus
2009 2917 2184 2957 Sangarum

1158 2963 1269 2996 vocari
1285 2963 1374 2995 dicit.
1420 2963 1638 3002 Hermogenes
1654 2969 1731 2992 vero
1749 2960 1783 2991 in
1799 2969 1838 2993 eo
1855 2961 1910 3002 qui
1929 2964 1979 2994 est
1992 2962 2033 2994 de
2047 2963 2205 3005 Phrygia,

1159 3010 1242 3042 libro
1271 3009 1372 3042 tradit
1401 3011 1538 3049 Sangam
1557 3008 1719 3048 quendam
1737 3006 1771 3039 in
1791 3008 1916 3041 Rheam
1945 3012 2131 3050 peccantem
2151 3011 2185 3043 in

1160 3058 1281 3089 hancce
1293 3065 1411 3097 aquam
1426 3056 1675 3094 commutatum,
1687 3054 1729 3086 ab
1742 3063 1846 3096 eoque
1861 3056 2049 3097 Sangarium
2064 3057 2183 3091 flumen

1158 3103 1361 3135 nominatum
1382 3111 1462 3134 esse.
1507 3101 1602 3134 Haud
1618 3101 1731 3142 procul
1756 3101 1797 3134 ab
1812 3110 1851 3135 eo
1865 3104 2013 3136 Xanthus
2029 3104 2074 3137 ait
2093 3108 2184 3139 Cere·

1160 3150 1204 3182 ris
1219 3151 1384 3182 montanae
1398 3157 1527 3181 sacrum
1541 3157 1624 3181 esse.

1200 3244 1358 3276 Praeterea
1375 3244 1487 3283 Mysos
1502 3241 1555 3274 alii
1570 3196 1722 3283 Thraiies,
1738 3242 1791 3275 alii
1799 3244 1909 3285 Lydos
1922 3245 2055 3278 faciunt.
2076 3247 2182 3288 Atque

74 3287 182 3320 missis
195 3284 280 3327 ignis
294 3288 443 3326 procellis
457 3290 490 3323 id
507 3291 663 3324 accidisse
675 3291 804 3331 dicant,
831 3301 937 3332 neque
953 3291 1102 3323 dubitent
1160 3291 1192 3322 hi
1210 3290 1341 3331 quidem
1357 3298 1489 3321 causam
1504 3297 1546 3321 ex
1559 3289 1751 3331 antiquitate
1769 3293 1937 3332 repetunt,
1953 3301 2052 3333 quam
2069 3293 2182 3326 litteris

75 3343 114 3367 eo
136 3334 254 3367 referre
290 3335 431 3368 rabulam
457 3339 634 3380 Typhonis.
676 3340 824 3372 Xanthus
853 3340 939 3372 enim
967 3339 1101 3372 Arimini
1159 3337 1353 3369 mandarunt
1373 3336 1521 3368 Xanthus
1536 3336 1659 3377 Lydus,
1679 3339 1712 3370 et
1726 3339 1923 3372 Menecrates
1940 3340 2056 3380 Elaita,
2075 3344 2131 3381 qui
2150 3344 2182 3374 et

74 3382 235 3423 quendam
251 3382 388 3416 istorum
404 3393 510 3426 regem
522 3386 668 3419 locorum
684 3386 788 3427 ponit.

1160 3384 1315 3418 rationem
1328 3383 1470 3419 nominis
1482 3385 1650 3424 Mysorum
1670 3384 1826 3426 reddunt,
1843 3386 1931 3427 quod
1947 3387 2111 3428 Lydorum
2127 3387 2181 3420 lin·
