2320 3684
163 153 2265 236 Qfflfflffiffifflfflfflfflssffffifflfflffi

449 338 1958 507 PHILOCHORI

836 644 1565 729 FRAGMENTA.

1083 833 1341 852 ⁴⁰5—-

562 970 674 1011 ATT
684 969 790 1010 HIS.

573 1051 725 1090 LIBER
752 1051 782 1088 I.

214 1116 300 1151 Hoc
333 1112 435 1150 libro
470 1110 720 1148 Philochorus
749 1123 809 1147 res
843 1108 988 1147 Atticas
1022 1108 1191 1160 perscri-

162 1173 284 1223 psisse
299 1171 454 1209 videtur
473 1170 594 1208 indea
616 1169 753 1221 populi
772 1168 889 1206 Attici
909 1168 1057 1219 origine
1071 1181 1192 1218 usque

162 1232 211 1269 ad
245 1234 467 1282 Cecropem.
509 1232 753 1280 Quamquam
793 1228 896 1265 enim
933 1227 1009 1265 duo
1045 1235 1192 1264 tantum

163 1291 375 1342 fragmenta
394 1290 428 1341 (1
463 1297 501 1327 et
525 1288 578 1339 4),
615 1301 701 1338 quae
729 1287 838 1339 parvi
858 1294 947 1324 sunt
985 1286 1192 1334 momenti,

162 1350 252 1387 libri
275 1349 389 1400 primi
414 1356 545 1386 notam
576 1346 739 1395 habent,
768 1345 859 1382 inde
883 1353 1031 1395 tamen,
1064 1344 1193 1394 quod,

163 1422 246 1459 quae
270 1408 316 1445 de
338 1407 623 1458 Amphictyone
648 1413 866 1452 narrantur,
894 1403 996 1441 libro
1026 1402 1195 1441 secundo

165 1468 402 1515 tribuuntur,
442 1467 624 1517 colligere
655 1478 872 1517 possumus,
894 1477 1096 1515 quousque
1117 1463 1195 1501 fere

164 1527 393 1579 pertinuerit
410 1525 510 1563 liber
528 1526 677 1576 primus
693 1539 702 1562 ε
721 1538 886 1575 namque
900 1523 1107 1561 verisimile
1124 1530 1195 1568 est,

164 1601 186 1624 a
208 1600 306 1624 nova
327 1585 494 1623 historiae
514 1585 648 1623 Atticae
668 1583 832 1635 periodo
845 1613 856 1632 ,
883 1596 998 1634 quam
1026 1585 1197 1633 Cecrops

164 1645 293 1684 effecit
327 1643 432 1696 (μετὰ
466 1642 620 1694 Ὤγυγον
729 1641 955 1685 ἀὸασίλευτος
985 1640 1119 1692 ἔμεινεν
1174 1644 1196 1688 ἡ

166 1703 308 1751 Ἀττικὴ
343 1702 449 1757 μέχρι
469 1702 663 1756 Κέκροπος,
682 1702 728 1740 fr.
772 1700 841 1753 8.),
878 1701 1021 1739 librum
1059 1714 1198 1738 secun-

166 1764 259 1801 dum
295 1763 475 1800 habuisse
507 1762 674 1799 initium.
708 1764 842 1811 Neque
876 1769 955 1807 est,
991 1773 1073 1808 cur,
1116 1773 1199 1810 quae

166 1822 213 1860 fr.
239 1828 260 1867 4
289 1821 336 1860 de
374 1835 468 1859 voce
496 1819 583 1859 ἄστυ
618 1835 667 1858 ex
688 1820 790 1858 libro
816 1820 943 1871 primo
970 1820 1199 1866 asseruntur,

166 1880 215 1918 ad
254 1883 464 1930 Cecropem
499 1887 672 1931 spectare
705 1888 899 1930 putemus,
928 1887 969 1916 ut
995 1878 1199 1916 Boeckhius

167 1939 231 1991 (de
282 1939 455 1977 Philoch.
487 1952 524 1989 p.
568 1938 607 1990 9)
640 1939 793 1986 statuit,
839 1952 958 1988 quum
998 1938 1071 1975 alia
1114 1950 1200 1988 quae

168 1998 326 2036 omnino
348 1997 396 2035 de
423 1998 577 2049 populis
599 1998 702 2048 vagis
723 1997 826 2035 libro
853 1997 981 2048 primo
1006 1996 1201 2034 narranda

168 2064 294 2105 erant,
326 2056 600 2094 Philochorum
635 2056 747 2093 facile
779 2070 826 2094 eo
863 2055 1073 2107 perducere
1104 2067 1199 2106 pos-

169 2124 272 2164 sent,
286 2123 329 2153 ut
345 2115 467 2163 urbis,
483 2129 568 2166 quae
587 2124 720 2166 postea
736 2123 879 2153 certam
900 2128 943 2152 ac
963 2115 1110 2152 firmam
1139 2127 1201 2152 se-

169 2174 256 2212 dem
276 2173 482 2224 praeberet,
503 2175 738 2212 mentionem
764 2173 917 2211 faceret.
929 2176 1020 2211 'Huc
1034 2172 1200 2221 accedit,

170 2232 277 2283 quod
316 2232 519 2283 probabile
555 2241 630 2281 est,
663 2233 713 2270 ad
750 2236 963 2283 Cecropem
999 2240 1200 2283 spectare,

170 2305 256 2343 quae
281 2292 329 2329 de
361 2295 565 2343 Areopago
593 2305 641 2330 ex
658 2291 759 2329 libro
789 2291 956 2329 secundo
985 2291 1202 2342 Stephanus

172 2350 376 2400 Byzantius
409 2350 469 2394 (fr.
507 2351 570 2401 21)
607 2350 784 2395 adducit;
813 2351 975 2401 Alcippe
998 2350 1121 2398 enim,
1141 2349 1202 2387 cui

170 2410 456 2448 Halirrhothius
500 2410 577 2447 vim
613 2410 762 2457 intulit,
793 2413 915 2447 Marte
947 2417 986 2446 et
1019 2408 1202 2460 Agraulo,

172 2469 251 2506 filio
282 2469 477 2520 Cecropis,
524 2476 613 2505 nata
659 2477 740 2506 erat
772 2468 835 2520 (cf.
871 2468 1100 2519 Apollodor.
1129 2470 1203 2516 ΠΙ,

179 2534 242 2576 14,
261 2528 312 2580 2).
675 2587 688 2623 ¹

228 2646 353 2685 Schol.
369 2647 408 2684 in
433 2646 580 2684 Platon.
611 2658 649 2696 p.
667 2643 1038 2690 4652248Ruhnk.
1057 2658 1065 2681 z
1081 2641 1206 2681 Πολλὰ

588 2759 739 2795 LIBER
769 2757 797 2794 Ι.

679 2860 711 2898 l.

219 2934 318 2966 Multa
339 2936 541 2967 mentiuntur
568 2936 684 2977 poetae,
702 2933 909 2976 proverbium
923 2932 964 2965 de
980 2932 1032 2971 iis,
1051 2931 1107 2973 qui
1124 2930 1206 2963 lucri

178 2984 210 3013 et
226 2981 451 3014 oblectationis
464 2991 562 3015 causa
582 2982 749 3015 mendacia
771 2981 894 3013 dicunt.
919 2979 1117 3013 Mentionem
1133 2979 1204 3019 ejus

179 3027 255 3059 fecit
269 3028 483 3061 Philochorus
498 3029 639 3062 Atthidis
654 3029 738 3061 libro
755 3028 871 3070 primo.

679 3105 714 3136 2.

235 3178 359 3208 Demori
386 3178 419 3209 in
444 3179 576 3211 Atthide
600 3179 699 3219 dicit,
723 3179 943 3220 Tritopatores
967 3187 1038 3211 esse
1065 3180 1203 3219 ventos;

180 3222 392 3255 Philochorus
419 3234 516 3264 vero,
540 3226 738 3267 Tritopatres
764 3226 911 3258 omnium
942 3226 1041 3258 fuisse
1069 3226 1203 3267 primos.

180 3268 337 3301 Tellurem
362 3271 461 3310 enim,
477 3271 594 3312 inquit,
609 3275 640 3305 et
657 3273 763 3305 Solem
776 3274 886 3314 (quem
902 3274 934 3305 et
954 3273 1134 3314 Apollinem
1152 3283 1205 3306 vo-

181 3316 246 3356 cat)
263 3318 341 3348 tune
356 3317 502 3350 homines
516 3328 627 3351 eorum
644 3322 792 3362 parentes
807 3330 878 3353 esse
901 3322 1108 3354 crediderunt
1123 3331 1130 3353 ε
1150 3322 1205 3354 ho-

182 3371 255 3395 rum
267 3371 344 3395 vero
358 3364 474 3397 liberos
498 3368 613 3399 tertios
624 3369 742 3408 patres
757 3368 971 3409 appellarunt.

1251 967 1435 1019 ψεύδονται
1466 967 1596 1016 ἀοιδοὶ,
1625 968 1799 1022 παροιμία
1829 968 1886 1006 ἐπὶ
1915 971 1985 1007 τῶν
2007 968 2148 1023 κέρδους
2178 969 2280 1009 ἕνεκα

1250 1025 1310 1063 καὶ
1331 1025 1558 1078 ψυχαγωγίας
1575 1027 1684 1079 ψευδῆ
1708 1025 1893 1078 λεγόντων.
1980 1028 2167 1079 Ἐμνήσθη
2190 1026 2280 1067 ταύ-

1249 1100 1312 1133 της
1330 1084 1392 1122 καὶ
1416 1084 1615 1137 Φιλόχορος
1633 1085 1668 1122 ἐν
1686 1083 1834 1131 Ἀτθίδος
1852 1087 1895 1124 α’.

1307 1209 1440 1247 suidas
1471 1222 1509 1246 V.
1536 1208 1822 1270 Τριτοπάτορεςε
1849 1208 1982 1260 Δήμων
2017 1211 2053 1248 ἐν
2072 1212 2116 1263 τῇ
2156 1209 2282 1250 Ἀτθίδι

1254 1265 1372 1319 φησὶν,
1392 1265 1540 1318 ἀνέμους
1560 1270 1650 1305 εἶναι
1675 1265 1755 1311 τοὺς
1777 1267 2055 1321 Τριτοπάτορας.
2085 1267 2284 1323 Φιλόχορος

1255 1323 1314 1373 δὲ,
1340 1324 1419 1369 τοὺς
1448 1327 1482 1365 T
1486 1325 1705 1379 ριτοπάτρεις
1736 1325 1878 1365 πάντων
1909 1325 2087 1378 γεγονέναι
2113 1327 2282 1382 πρώτους.

1254 1382 1330 1431 Τὴν
1364 1383 1427 1436 μὲν
1453 1383 1521 1437 γὰρ
1554 1386 1626 1431 Γῆν
1658 1384 1719 1422 καὶ
1747 1384 1806 1423 τὸν
1828 1384 1969 1434 Ἥλιον,
1998 1385 2116 1439 φησὶν,
2151 1386 2189 1426 ὃν
2222 1386 2282 1426 καὶ

1256 1442 1461 1482 Ἀπόλλωνα
1489 1444 1608 1492 καλεῖ,
1637 1449 1747 1495 γονεῖς
1777 1445 1890 1482 αὐτῶν
1921 1444 2114 1491 ἠπίσταντο
2145 1445 2224 1484 τότε
2252 1448 2284 1484 οἱ

1256 1501 1449 1556 ἄνθρωποι·
1469 1501 1549 1547 τοὺς
1570 1501 1606 1541 δὲ
1624 1503 1664 1540 ἐκ
1678 1501 1809 1541 τούτων
1826 1502 1962 1556 τρίτους
1976 1502 2142 1558 πατέρας.

1311 1561 1368 1599 Cf.
1397 1562 1555 1600 Clidem.
1583 1562 1627 1599 fr.
1656 1574 1727 1608 20,
1746 1562 1980 1600 Phanodem.
2001 1562 2046 1600 fr.
2064 1576 2098 1601 2.

1311 1690 1437 1728 Photii
1471 1694 1564 1728 Lex.
1589 1704 1625 1741 p.
1648 1692 1722 1734 443
1750 1705 1787 1727 ν.
1814 1692 1848 1730 Τ
1851 1690 2077 1745 ριτοπάτωρ;
2104 1689 2286 1744 Τριτοπᾶ-

1258 1765 1349 1802 τρεις
1368 1750 1399 1787 οἵ
1421 1747 1482 1799 μὲν
1510 1748 1679 1799 ἀνέμους,
1700 1747 1898 1802 Φιλόχορος
1915 1748 1952 1787 δὲ
1968 1749 2046 1794 τοὺς
2067 1749 2224 1804 πρώτους
2248 1750 2288 1789 ἐκ

1258 1810 1330 1855 Γῆς
1348 1807 1409 1846 καὶ
1423 1809 1596 1861 Οὐρανοῦ,
1615 1806 1783 1860 ἄρξαντας
1803 1807 1839 1846 δὲ
1857 1807 2035 1859 γενέσεως.

1312 1924 1438 1975 Etym.
1469 1928 1523 1962 M.
1542 1938 1580 1961 v.
1599 1922 1843 1963 ἌστυτἌστυ
1861 1927 1884 1971 ἡ
1901 1923 2012 1970 πόλις.
2029 1924 2230 1980 Φιλόχορος
2251 1928 2286 1966 ἐν

1258 1985 1309 2036 τῷ
1327 1982 1457 2036 πρώτῳ
1480 1985 1542 2029 τῆς
1564 1982 1713 2026 Ἀτθίδος
1741 1982 1857 2036 φησίν·
1886 2001 1902 2017 «
1925 1982 2032 2023 Ἄστυ
2056 1983 2094 2024 δὲ
2111 1984 2288 2037 προσηγό-

1261 2057 1385 2095 ρευσαν
1405 2040 1469 2088 τὴν
1487 2040 1601 2087 πόλιν,
1624 2040 1681 2079 διὰ
1699 2040 1739 2079 τὸ
1759 2040 1925 2095 πρότερον
1949 2042 2102 2094 νομάδας
2117 2043 2177 2082 καὶ
2197 2059 2288 2083 σπο-

1262 2100 1367 2154 ράδην
1385 2102 1515 2145 ζῶντας
1528 2099 1605 2139 τότε
1619 2102 1792 2139 συνελθεῖν
1810 2100 1869 2138 καὶ
1884 2103 2008 2148 στῆναι
2025 2102 2065 2139 ἐκ
2079 2104 2142 2149 τῆς
2153 2103 2288 2151 πλάνης

1261 2159 1319 2198 ἐπὶ
1333 2159 1394 2203 τὰς
1410 2158 1525 2202 κοινὰς
1546 2158 1716 2208 οἰκήσεις,
1733 2159 1809 2198 ὅθεν
1829 2161 1868 2198 οὗ
1886 2159 2162 2211 μετανέστησαν.
2179 2179 2195 2196 »

1314 2219 1456 2256 Eadem
1494 2219 1586 2270 legis
1622 2219 1726 2270 apud
1760 2219 1891 2270 Steph.
1918 2223 2006 2270 Byz.
2031 2233 2066 2258 ν.
2079 2219 2198 2270 Ἄστυ,
2219 2221 2290 2260 nisi

1263 2277 1369 2328 quod
1390 2291 1462 2329 pro
1491 2278 1526 2315 ἐν
1553 2279 1604 2331 τῷ
1620 2276 1749 2331 πρώτῳ
1777 2280 1840 2324 τῆς
1866 2277 1959 2317 Ἀτθ.
1981 2278 2098 2317 habet
2122 2278 2288 2332 ἑνδεκάτῃ

1264 2336 1434 2382 Ἀτθίδος,
1473 2336 1538 2374 sed
1576 2350 1758 2374 numerus
1792 2336 1835 2375 ια’
1865 2351 1914 2375 ex
1948 2337 2188 2377 antecedenti
2213 2339 2292 2378 iota

1262 2396 1457 2446 adscripto
1480 2400 1590 2434 ortus
1609 2409 1691 2434 esse
1710 2396 1876 2434 videtur.

1761 2461 1783 2497 5

1317 2525 1442 2564 Schol.
1477 2525 1634 2562 Lucian.
1666 2526 1813 2576 Catapl.
1847 2540 1862 2562 1
1902 2540 1910 2563 :
1950 2525 2127 2579 ’Τύραννος
2157 2525 2292 2579 εἴρηται

1266 2582 1336 2621 ἀπὸ
1353 2585 1421 2621 τῶν
1442 2584 1632 2636 Τυῤῥηνῶν
1649 2585 1718 2621 τῶν
1748 2583 1869 2635 βιαίων
1889 2583 1947 2622 καὶ
1966 2585 2105 2636 λῃστῶν
2126 2583 2290 2639 ἓξαρχῆς,

1265 2641 1311 2685 ὥς
1330 2657 1415 2693 φησι
1433 2643 1642 2695 Φιλόχορος.
1668 2645 1701 2681 T
1703 2643 1844 2695 υῤῥηνοὶ
1876 2642 1942 2696 γὰρ
1964 2643 2078 2695 ὀλίγον
2097 2642 2176 2682 τινὰ
2201 2642 2290 2696 χρό-

1303 2804 1502 2845 Tritopatres
1538 2804 1592 2836 alii
1618 2807 1734 2836 ventos
1758 2804 1887 2844 dicunt,
1909 2805 2120 2838 Philochorus
2136 2815 2213 2839 vero
2228 2806 2289 2848 pri-

1263 2861 1334 2884 mos
1350 2853 1432 2885 coeli
1447 2853 1480 2884 et
1492 2853 1598 2884 Terrae
1611 2852 1729 2885 liberos
1741 2861 1811 2885 esse
1826 2852 1934 2892 tradit,
1958 2862 1978 2884 a
1997 2853 2115 2894 quihus
2130 2853 2290 2895 generatio

1261 2899 1392 2931 initium
1406 2899 1536 2940 ceperit.

1303 2993 1409 3032 Ἄστυ,
1434 2993 1522 3026 urbs,
1538 2993 1751 3025 Philochorus
1774 2993 1858 3025 libro
1881 2994 1986 3035 primo
2007 2994 2150 3027 Atthidis
2179 2994 2290 3028 dicit:

1264 3040 1381 3072 «Ἄστυ
1398 3041 1556 3072 vocarunt
1571 3039 1695 3080 urbem,
1712 3041 1811 3081 quod,
1826 3049 1928 3081 quum
1945 3041 2078 3081 priusin
2096 3041 2179 3082 agris
2190 3041 2290 3075 vitam

1261 3086 1422 3127 degissent
1437 3086 1640 3127 sparsimque
1656 3087 1866 3126 habitassent,
1885 3091 1954 3120 turn
1967 3089 2122 3129 temporis
2137 3096 2290 3122 convenc-

1261 3135 1337 3165 runt
1351 3133 1506 3174 vagisque
1533 3133 1782 3175 migrationibus
1808 3134 1929 3166 relictis
1952 3135 2169 3168 constiterunt
2187 3135 2229 3168 ad
2245 3143 2291 3168 so-

1261 3181 1335 3214 dem
1349 3180 1502 3213 omnihus
1517 3189 1725 3214 communem
1741 3181 2001 3214 constituendam
2013 3205 2022 3222 ,
2046 3181 2131 3214 unde
2143 3183 2211 3223 jam
2226 3190 2299 3215 non‘

1260 3227 1486 3260 discesserunt.
1502 3240 1518 3256 »

1301 3323 1476 3363 Tyrannus
1491 3330 1608 3354 nomen
1624 3321 1721 3354 hahet
1736 3330 1755 3354 a
1767 3277 1964 3362 513yrrhenis,
1983 3322 2039 3362 qui
2057 3322 2098 3353 ab
2110 3322 2204 3354 initio
2226 3321 2288 3354 vio-

1259 3369 1337 3402 lenti
1350 3367 1517 3410 praedones
1532 3370 1635 3408 erant,
1653 3370 1690 3401 ut
1706 3369 1750 3401 ait
1771 3369 1994 3401 Philochorus.
2013 3370 2172 3410 Tyrrheni
2185 3376 2290 3417 emm,
