2320 3684
781 129 1020 170 HECATAEI
1049 128 1377 171 FRAGMENTA.
2087 137 2132 173 81

78 289 203 324 Locos
241 283 418 323 Erotiani
457 281 639 333 (Glossar.
674 279 714 315 in
732 273 1047 327 Hippocratem):

28 342 250 398 Κυρὸασίαν,
265 341 328 389 τὴν
345 338 537 392 λεγομένην
558 336 695 390 τιάραν·
713 333 904 376 Ἑκαταῖος
924 330 962 370 δέ
986 346 1050 385 φη-

28 418 95 450 σιν,
125 402 179 441 ὅτι
207 403 310 440 πῖλον
330 395 539 453 βαρὸαρικὸν
566 397 598 434 οἱ
626 392 778 446 κωμικοὶ
804 391 976 444 λέγουσιν,
1015 399 1052 429 et

30 461 210 512 Hesychii
233 473 242 497 ε
264 457 347 498 ‘rat’
379 455 499 504 αὖνήν·
534 453 618 507 παρ’
653 451 837 505 Ἑκαταίῳ
871 451 1052 496 Φιλητᾶς,

28 533 195 571 quorum
215 518 313 556 alter
332 515 590 568 perobscurus
606 520 675 561 est,
697 522 869 562 tempore
881 509 1054 547 Alexan—

29 578 230 616 drinorum
244 589 324 614 non
337 587 418 614 esse
431 574 669 624 antiquiores
679 570 924 610 manifestum
937 577 1006 606 est.

82 694 206 734 Natal.
230 695 337 732 Com.
359 694 490 742 1X,9:
516 694 742 729 «Hecataeus
764 686 937 726 Milesius
952 684 1055 723 libro

30 753 199 792 secundo
213 745 533 802 Genealogiarum
550 750 669 800 longe
681 748 793 786 aliam
809 745 970 784 tradidit
994 758 1057 781 ra-

33 812 189 858 tionem,
212 823 281 848 cur
298 813 454 860 Lycaon
472 817 510 848 et
523 807 605 859 ejus
630 806 700 844 filii
727 806 874 843 fuerint
886 805 927 842 in
941 803 1056 854 lupos

30 870 220 917 conversi,
248 881 365 920 quam
391 867 602 919 explicavit
622 873 757 917 postea
785 863 965 904 Ovidius.
993 862 1057 901 Sic

31 928 132 967 enim
167 927 323 978 inquit:
346 924 528 978 Πελασγὸς
564 919 606 973 ἧν
638 929 721 967 παῖς
756 921 837 966 Διὸς
872 921 932 961 καὶ
963 919 1054 960 Νιό-

32 985 113 1034 ὅης·
150 979 180 1039 ᾧ
197 990 280 1029 παῖς
305 978 348 1035 ἧν
377 984 528 1024 Λυκάων
551 985 592 1022 ἐκ
619 981 813 1029 Μελιὸοίης
845 979 970 1035 κόρης,
995 979 1059 1019 εἴτ’

33 1039 92 1083 οὖν
127 1043 315 1092 Κυλλήνης
330 1073 340 1090 ,
367 1042 414 1088 ὥς
453 1058 571 1098 φασιν.
599 1039 711 1086 Οῧτος
738 1040 861 1080 ἔπειτα
896 1038 1060 1093 βασιλεὺς

32 1105 102 1143 τῶν
136 1102 313 1158 Ἀρκάδων
353 1101 533 1147 καταστὰς
573 1100 665 1141 κατὰ
704 1098 866 1154 χρησμόν
892 1114 979 1160 ,τινα
1021 1100 1061 1138 ἐκ

33 1163 172 1202 πολλῶν
184 1161 309 1215 γάμων
319 1161 469 1207 πολλοὺς
485 1162 614 1206 παῖδας
631 1159 859 1216 προσέλαὸεν·
889 1161 937 1197 ὧν
973 1156 1062 1196 Μαί-

34 1223 156 1269 ναλος,
193 1220 428 1276 Θεσπρωτὸς,
471 1220 534 1261 σὺν
577 1219 750 1273 Νυκτίμῳ
786 1218 846 1258 καὶ
904 1215 1061 1257 Καύκονι

35 1280 167 1329 Λύκος,
193 1280 322 1324 Φθίνος
369 1296 406 1319 τε
454 1279 516 1319 καὶ
540 1278 745 1327 Τηλεὸόας,
781 1275 919 1328 Αἵμων,
953 1277 1061 1315 Μαν-

34 1338 165 1387 τίνους,
197 1338 434 1393 Στύμφηλος,
469 1337 643 1391 Κλείτωρ,
670 1334 888 1391 Ὀρχόμενός
924 1350 963 1372 τε
1002 1333 1062 1373 καὶ

37 1397 150 1446 ἄλλοι,
174 1399 206 1437 οἱ
231 1397 358 1443 πάντες
374 1397 518 1452 ἀσεὸείᾳ
537 1396 598 1436 καὶ
615 1394 836 1451 ὑπερηφανίᾳ
858 1393 994 1434 ἐνίκων.
1017 1391 1064 1433 Ὁ

37 1455 74 1495 δὲ
102 1456 189 1501 Ζεὺς
214 1457 368 1512 χερνήτῃ
395 1457 564 1501 εἰκασθεὶς
586 1455 818 1511 παραγίνεται
847 1456 974 1497 αὐτοῖς.
994 1451 1064 1492 ζῸν

37 1515 136 1554 αὐτοὶ
149 1515 364 1560 καλέσαντες
382 1516 440 1555 ἐπὶ
456 1514 561 1570 ξενίᾳ,
587 1515 648 1554 ἕνα
667 1517 737 1553 τῶν
761 1511 941 1566 ἐγχωρίων
974 1526 1064 1550 παι-

37 1573 164 1628 δαρίων
185 1573 376 1629 σφάττουσι
390 1605 401 1624 ,
440 1573 502 1613 καὶ
533 1572 578 1612 τὰ
612 1573 800 1625 σπλάγχνα
834 1569 1067 1622 συμμίξαντες

36 1631 228 1687 παρέθεντο
249 1635 295 1686 τῇ
318 1631 473 1687 τραπέζῃ
486 1648 495 1656 ·
523 1636 625 1671 τοῦτο
643 1630 680 1670 δὲ
699 1629 785 1675 Ζεὺς
819 1627 980 1681 ἐγνωκὼς
1005 1627 1066 1667 καὶ

39 1691 230 1744 μυσαχθεὶς
246 1690 310 1740 τὴν
331 1690 395 1743 μὲν
411 1689 587 1746 τράπεζαν
606 1689 791 1744 ἀνέτρεψεν
803 1705 812 1713 ·
835 1687 912 1727 ὅθεν
940 1688 1067 1731 ἐκεῖνος

37 1754 56 1792 ὃ
67 1751 172 1797 τόπος
188 1752 390 1807 Τραπεζεὺς
405 1753 440 1791 ἓν
460 1751 622 1807 Ἀρκαδίᾳ
634 1751 694 1791 καὶ
707 1750 910 1805 Τραπεζοῦς
929 1751 951 1796 ἡ
967 1747 1068 1792 πόλις

37 1813 207 1851 καλεῖται·
224 1815 293 1852 τῶν
314 1811 351 1852 δὲ
380 1810 558 1856 Λυκάονος
583 1810 719 1850 παίδων
745 1811 791 1853 ὡς
817 1807 1066 1855 ἀσεὸησᾶντων

38 1872 86 1914 εἷς
103 1870 196 1916 ξένον
220 1871 296 1924 μετ’
325 1873 431 1910 αὐτοῦ
456 1870 636 1916 Λυκάονος
659 1869 738 1914 τοὺς
766 1867 828 1921 μὲν
864 1868 911 1911 εἷς
943 1865 1069 1910 λύκους

37 1928 172 1984 ἔτρεψε,
198 1930 278 1974 τοὺς
318 1929 355 1968 δὲ
388 1928 646 1983 ἐκεραύνωσε.»
671 1930 779 1968 Ficta
815 1926 920 1965 haud
950 1925 1068 1963 dubie

38 1997 127 2027 sunt
149 1989 232 2027 haec
249 2003 270 2027 e
292 1989 381 2028 loco
406 1992 556 2027 Tzetzae
578 1988 627 2026 ad
660 1987 856 2039 Lycophr.
894 1987 964 2031 481
985 1985 1068 2022 :in-

38 2055 128 2085 sunt
140 2048 242 2087 enim
261 2061 348 2099 quae
362 2049 402 2086 in
414 2047 572 2086 brevius
585 2048 778 2086 redactam
793 2052 955 2097 arguant
973 2056 1068 2081 nar-

38 2107 227 2146 rationem
237 2110 399 2155 Tzetzae,
412 2107 508 2145 nihil
520 2115 647 2145 tamen
658 2107 705 2144 de
719 2109 901 2145 Hecataeo
918 2102 1068 2142 haben-

40 2165 102 2206 tis.
113 2166 224 2204 Dixit
237 2165 285 2204 de
306 2166 380 2204 hac
397 2179 440 2205 re
460 2166 635 2216 Heynius
653 2165 702 2203 ad
720 2165 903 2217 Apollod.
916 2177 956 2215 p.
975 2163 1067 2202 263.

513 2229 603 2268 376.

93 2288 219 2327 Natal.
237 2291 344 2327 Com.
370 2291 427 2326 III
440 2297 540 2336 init„
557 2302 596 2340 p.
617 2289 691 2338 189
706 2303 714 2326 :
733 2305 749 2322 κ
763 2289 834 2327 His
853 2291 1070 2330 rationibus

40 2345 355 2398 [cogitationibus
374 2346 423 2385 de
443 2360 562 2398 regno
582 2347 813 2398 inferorum]
829 2348 877 2386 ad
894 2351 1070 2401 corporis

38 2405 257 2458 voluptates
284 2405 567 2457 pertinentibus
593 2405 699 2459 (alias
727 2407 827 2444 enim
852 2407 1072 2459 voluptates

508 2558 594 2590 374.

81 2613 283 2655 cyrbasiam‚
299 2622 398 2655 quam
409 2613 507 2655 vulgo
535 2615 651 2647 tiaram
666 2614 792 2648 dicunt.
808 2617 980 2650 Hecataeus
989 2626 1067 2651 vero

41 2659 87 2693 ait
101 2660 242 2693 comicos
262 2661 368 2693 dicere
382 2660 501 2702 pileum
517 2661 734 2694 barbaricum.

512 2716 600 2749 375.

81 2770 233 2812 Pelasgus
248 2771 311 2805 fuit
318 2772 410 2805 ¹,Iovis
419 2773 452 2805 et
459 2772 578 2805 Niobes
590 2771 688 2812 filius,
705 2772 761 2814 qui
773 2773 873 2806 filium
882 2775 1067 2816 Lycaonem

41 2824 60 2849 e
73 2817 223 2849 Meliboea
237 2819 399 2860 suscepit,
413 2819 465 2852 vel
474 2843 483 2859 ‚
499 2821 536 2851 ut
550 2820 603 2851 alii
616 2822 787 2861 putarunt,
803 2830 822 2854 e
835 2822 977 2862 Cyllene.
1006 2823 1068 2855 Hic

41 2866 153 2904 postea
166 2872 242 2896 cum
257 2865 418 2898 Arcadum
432 2866 605 2907 imperium
621 2866 756 2908 adeptus
769 2870 854 2900 esset
869 2877 910 2900 ex
925 2870 1067 2910 quodam

42 2910 163 2942 oraculi
175 2919 332 2952 responso
345 2935 355 2952 ‚
380 2913 565 2954 multosque
578 2912 660 2945 filios
681 2922 699 2945 e
713 2914 813 2947 variis
828 2915 949 2956 nuptiis
963 2924 1068 2949 susce-

43 2955 143 2996 pisset
155 2980 164 2996 ,
185 2965 261 2989 cum
275 2961 360 2991 esset
379 2959 449 3000 ipse
463 2959 583 3000 impius
597 2984 607 3002 ,
633 2960 751 3001 impios
766 2970 896 3002 quoque
911 2962 993 2995 filios
1015 2964 1068 2996 ha·

44 2999 138 3035 buit:
155 3002 238 3036 inter
252 3012 335 3045 quos
351 3005 412 3037 fuit
420 3005 595 3047 Maenalus,
611 3007 822 3049 Thesprotus‚
837 3017 911 3040 cum
919 3010 1069 3050 Nyctimo

42 3051 76 3080 et
87 3050 235 3083 Caucone
247 3053 366 3092 Lycus,
378 3052 550 3092 Phthinus,
562 3053 727 3095 Teleboas,
735 3056 884 3095 Haemon,
892 3057 1066 3098 Mantinus‚

42 3095 261 3137 Stymphelus‚
278 3098 397 3139 Cletor,
415 3099 637 3132 Orchomenus
658 3101 691 3134 et
705 3100 769 3133 alii.
802 3102 956 3134 omnium
972 3103 1069 3144 igitur

42 3140 158 3175 horum
187 3143 303 3186 ingens
328 3147 398 3179 erat
426 3146 616 3188 improbitas
638 3149 671 3180 et
698 3148 863 3182 temeritas
883 3159 891 3181 :
908 3150 1067 3191 siquidem

1107 217 1242 268 vulgus
1256 231 1334 255 non
1354 215 1607 268 percipiebat)
1628 216 1789 266 aliisque
1807 214 1992 254 similibus
2006 219 2136 256 conati

1108 285 1196 314 suut
1209 278 1359 328 antiqui
1379 278 1455 316 mul
1463 277 1638 315 titudinis
1653 276 1801 314 animos
1815 277 1955 328 partim
1979 290 2049 328 spe
2062 292 2134 316 vo-

1108 335 1314 384 luptatum,
1327 335 1466 386 partim
1481 343 1585 374 metu
1600 335 1877 388 suppliciorum
1886 334 1934 372 ad
1943 334 2135 386 justitiam

1109 392 1274 443 vitaeque
1316 394 1575 446 integritatem
1613 407 1807 433 revocare.
1829 393 1904 432 Sed
1950 396 2134 445 quoniam

1112 451 1262 501 primus
1285 453 1456 490 omnium
1477 453 1698 492 mortalium
1718 454 1830 491 Pluto
1851 453 1942 491 istas
1967 453 2135 492 rationes

1111 512 1356 562 excogitavit,
1380 520 1423 549 ut
1451 513 1570 550 sensit
1594 517 1806 561 Hecataeus,
1841 512 1946 550 hunc
1965 525 2047 551 esse
2076 514 2136 551 lo-

1112 582 1247 607 corum
1271 569 1426 607 illorum
1451 584 1582 621 regem
1613 571 1886 622 perhibebant,
1913 571 2012 610 sicut
2043 585 2139 610 ven-

1114 634 1242 664 torum
1257 627 1425 675 AEolum,
1443 629 1533 679 quia
1549 630 1781 669 mutationes
1800 638 2006 668 ventorum
2029 631 2140 682 prior

1113 685 1366 724 observasset.
1380 704 1396 720 »

1168 804 1260 843 Nat.
1280 805 1385 841 Com.
1405 806 1475 853 VI,
1496 805 1544 840 23
1561 818 1569 841 τ
1585 803 1689 842 «Ubi
1709 805 1894 842 Hercules
1913 805 2036 844 foedus
2056 805 2143 843 iniit

1116 875 1204 900 cum
1223 860 1357 899 liberis
1376 861 1488 900 Nelei
1513 861 1589 899 fide
1617 862 1721 899 ultro
1743 862 1920 914 citroque
1946 865 2048 910 data,
2077 878 2144 903 sue

1117 928 1283 958 mactato
1308 933 1425 971 super
1446 921 1529 969 ejus
1546 919 1722 971 testibus,
1738 930 1776 959 et
1795 922 1877 972 ipse
1893 931 1930 960 et
1954 924 2007 961 illi
2030 924 2144 975 jura-

1119 987 1210 1017 runt
1238 987 1354 1030 atque
1378 979 1658 1016 confirmarunt
1690 978 1955 1029 juramentum
1987 982 2147 1033 insuper

1118 1038 1276 1086 factum,
1310 1046 1354 1076 ut
1391 1039 1544 1089 scripsit
1578 1037 1618 1075 in
1659 1037 1867 1076 Phoroneo
1903 1042 2113 1078 Hecataeus.
2129 1058 2146 1074 ι·

1118 1097 1366 1135 Phoroneum
1389 1095 1532 1135 librum
1555 1097 1724 1135 Hecataei
1742 1110 1791 1135 ex
1806 1110 1938 1148 prava,
1963 1113 2077 1149 quam
2108 1099 2147 1136 in

1120 1156 1350 1195 Strabonem
1379 1159 1434 1204 X,
1459 1170 1498 1208 p.
1523 1157 1612 1204 723,
1636 1156 1794 1194 intrusit
1835 1156 1987 1209 aliquis,
2017 1158 2150 1210 conje-

1121 1225 1232 1255 ctura
1255 1217 1403 1256 finxere
1415 1216 1605 1254 nonnulli.
1621 1218 1668 1253 V.
1687 1214 1847 1254 Casaub.

1592 1278 1680 1318 378.

1174 1342 1260 1378 Nat.
1276 1341 1382 1378 Com.
1404 1342 1492 1386 VII,
1506 1351 1528 1376 α
1545 1352 1553 1374 :
1571 1338 1805 1376 «Acheloum
1833 1338 1983 1377 Alcaeus
2007 1340 2153 1377 Oceani

1123 1406 1163 1436 et
1176 1401 1308 1437 Terrae
1326 1398 1446 1436 filium
1464 1411 1546 1436 esse
1562 1398 1694 1447 sensit,
1714 1411 1758 1436 ac
1783 1400 1982 1436 Hecataeus
2000 1398 2097 1437 Solis
2116 1406 2154 1436 et

1123 1462 1266 1498 Terrae.
1279 1476 1295 1493 υ

1593 1516 1682 1554 379.

1177 1579 1263 1616 Nat.
1282 1579 1388 1615 Com.
1401 1578 1470 1625 IX,
1482 1590 1506 1627 9
1525 1592 1534 1614 ε
1552 1577 1742 1615 «Miratus
1756 1588 1854 1623 sum,
1868 1589 1937 1612 cur
1950 1577 2156 1615 Pausanias

1125 1636 1165 1673 in
1184 1636 1386 1673 Arcadicis
1405 1636 1527 1686 (VIII,
1546 1634 1585 1686 6)
1600 1635 1753 1672 unicam
1770 1642 1917 1671 tantum
1933 1634 2047 1672 tiliam
2069 1636 2156 1673 fuis-

1125 1708 1166 1731 se
1186 1694 1290 1731 dicat
1315 1694 1488 1744 Lycaoni
1516 1694 1619 1731 inter
1642 1700 1700 1729 tot
1728 1706 1866 1740 mares,
1894 1706 2010 1743 quam
2040 1695 2156 1733 etiam

1126 1752 1254 1803 inquit
1281 1752 1321 1789 in
1351 1754 1513 1803 gratiam
1530 1751 1695 1789 sunonis
1724 1750 1841 1787 fuisse
1869 1751 2015 1801 sagittis
2035 1760 2158 1790 trans—-

1127 1812 1243 1849 fixam
1259 1810 1448 1864 (Callisto)
1464 1824 1473 1847 z
1491 1824 1579 1848 cum
1601 1810 1676 1847 Dia
1703 1809 1817 1847 etiam
1836 1810 2007 1862 Dryopis
2037 1819 2159 1849 mater

1126 1870 1202 1908 filia
1217 1869 1299 1921 ejus
1313 1870 1442 1918 suerit,
1456 1877 1500 1908 ut
1512 1869 1668 1920 scripsit
1683 1871 1920 1908 Hecataeus.»

1598 1933 1689 1974 380.

1179 1999 1292 2051 Diog.
1310 2002 1436 2038 Laert.
1454 2003 1619 2038 Prooem.
1638 2000 1678 2046 6,
1698 1998 1746 2037 de
1762 1999 1902 2050 Magis:
1918 1996 2108 2041 Ἑκαταῖος
2123 1998 2160 2036 δὲ

1126 2055 1221 2108 λέγει
1237 2056 1298 2095 καὶ
1316 2056 1500 2108 γεννητοὺς
1514 2055 1596 2101 τοὺς
1614 2056 1709 2101 θεοὺς
1729 2050 1817 2095 εἶναι
1835 2057 1915 2096 κατ’
1932 2055 2068 2100 αὐτούς.
2089 2057 2161 2094 Di-

1128 2124 1229 2153 serte
1245 2117 1378 2167 negari
1394 2130 1473 2155 non
1489 2125 1631 2168 potest,
1655 2116 1704 2155 de
1728 2116 1849 2168 Magis
1873 2116 2013 2154 dixisse
2038 2119 2161 2154 Heca-

1129 2181 1244 2212 taeum
1279 2174 1320 2211 in
1355 2174 1560 2225 Periegesi,
1595 2173 1837 2226 probabilius
1868 2188 1962 2212 vero
1984 2176 2022 2213 in
2042 2174 2161 2212 libros

1128 2231 1326 2270 Abderitae
1349 2232 1414 2270 hic
1449 2233 1558 2272 locus
1587 2234 1792 2283 relegatur,
1827 2234 1894 2284 qui
1923 2234 1971 2271 de
1999 2233 2162 2272 Alexan-

1129 2292 1201 2330 dro
1221 2305 1361 2343 magno
1384 2293 1551 2344 scripsit.
1575 2294 1692 2342 Quod
1721 2294 1822 2332 enim
1844 2294 1996 2332 Persica
2015 2307 2037 2331 a
2064 2307 2162 2331 non-

1130 2352 1248 2389 nullis
1284 2352 1437 2390 Milesio
1467 2352 1705 2401 tribuuntur,
1736 2366 1847 2391 error
1866 2361 1923 2391 est
1939 2353 2047 2391 illum
2074 2365 2159 2390 cum

1130 2411 1332 2450 Hellanico
1348 2411 1683 2452 confundentium.

1130 2556 1182 2589 vel
1199 2558 1219 2589 J
1221 2557 1276 2589 ovi
1293 2557 1327 2589 in
1341 2566 1517 2599 pauperem
1532 2558 1715 2599 operarium
1729 2565 1824 2590 verso
1837 2580 1846 2597 ‚
1867 2565 1963 2597 quem
1978 2556 2040 2597 ipsi
2062 2555 2094 2587 in
2108 2555 2161 2587 ho÷

1129 2604 1264 2644 spitium
1287 2604 1522 2644 invitaverant,
1542 2605 1698 2637 dicuntur
1713 2614 1814 2636 unum
1831 2613 1871 2636 ex
1888 2603 2065 2635 infantibus
2080 2602 2160 2634 indi-

1129 2651 1219 2692 genis
1232 2652 1414 2692 jugulasse,
1432 2654 1464 2684 et
1477 2653 1547 2692 ejus
1562 2652 1714 2684 intestina
1729 2651 1804 2684 Jovi
1817 2660 1892 2683 cum
1905 2650 1976 2682 aliis
1986 2649 2158 2681 commista

1129 2699 1289 2739 epulanda
1306 2699 1341 2731 in
1356 2708 1469 2732 mensa
1485 2699 1685 2740 apposuisse.
1708 2699 1747 2731 Id
1762 2699 1865 2730 scelus
1883 2697 2088 2729 abominatus
2104 2698 2160 2728 Ju-

1130 2746 1213 2786 piter
1225 2755 1372 2778 mensam
1384 2746 1515 2787 quidem
1532 2745 1701 2785 subvertit,
1713 2745 1799 2777 unde
1814 2745 1904 2776 locus
1917 2744 1969 2775 ille
1981 2743 2014 2774 in
2022 2742 2160 2774 Arcadia

1130 2795 1265 2825 vocatus
1291 2795 1341 2825 est
1370 2792 1569 2832 Mensarius,
1602 2794 1635 2824 et
1662 2790 1821 2824 Mensaria
1850 2789 1966 2821 civitas
1993 2789 2161 2821 exstructa

1130 2841 1242 2880 postea
1255 2849 1263 2871 :
1279 2842 1312 2871 at
1325 2839 1484 2881 Lycaonis
1499 2839 1639 2870 filiorum
1652 2846 1718 2870 una
1734 2845 1807 2868 cum
1823 2836 1893 2877 ipso
1908 2838 2070 2876 Lycaone,
2082 2842 2161 2875 quo-

1130 2886 1218 2918 niam
1236 2887 1334 2927 impie
1348 2886 1382 2917 in
1394 2885 1554 2926 hospitem
1569 2885 1714 2925 egerant,
1736 2883 1797 2916 hos
1821 2882 1951 2924 quidem
1966 2882 2042 2914 fecit
2053 2881 2158 2923 lupos,

1130 2933 1202 2965 illos
1218 2934 1378 2974 percussit
1394 2932 1538 2965 fulmine.

1172 3040 1341 3072 Hecataeus
1353 3038 1430 3070 deos
1441 3045 1569 3078 quoque
1583 3044 1622 3068 ex
1638 3037 1804 3076 Magorum
1820 3033 1978 3067 sententia
1992 3041 2062 3066 esse
2074 3032 2158 3075 geni-

1132 3090 1182 3119 tos
1199 3086 1254 3119 ait.
