2294 3704
913 129 980 167 DE
1007 128 1365 170 APOLLODORO.

94 219 254 257 diversis
267 218 376 257 libris
391 218 440 257 ab
456 215 684 268 Apollodori
702 228 816 253 manu
833 216 1017 266 profectis
1029 244 1040 263 ,
1058 223 1115 252 ta—

94 292 182 316 men
201 291 319 329 quum
337 289 465 315 rerum
487 274 650 325 digestio
670 282 707 311 et
726 273 949 321 adornatio‚
971 286 1057 323 quae
1075 273 1114 309 in

93 336 279 387 ejusmodi
295 348 413 386 opere
428 347 506 371 non
523 333 680 370 minima
696 344 785 382 pars
804 331 948 369 laboris
961 339 1038 379 est,
1051 330 1114 368 alii

93 394 319 439 deber-etum
339 405 430 430 sane
450 404 528 429 11011
544 398 766 440 excerptum
791 389 854 427 hic
875 388 972 427 liber
995 396 1114 435 esset,

93 453 160 491 sed
185 465 327 490 novum
349 451 463 501 plane
493 461 612 500 opus3
631 461 756 499 neque
777 448 1007 499 Apollodori
1039 447 1115 484 dici

93 510 296 561 potuisset,
315 508 388 546 nisi
409 515 584 554 eatenus,
606 514 794 556 quatenus
822 514 955 544 auctor
973 506 1014 543 id
1042 504 1114 543 sub

91 567 315 619 Apollodori
345 566 500 604 nomine
540 565 783 603 venditasset.
819 564 935 603 Plura
967 578 1015 601 ex
1044 564 1114 601 hac

92 633 202 677 parte
229 633 362 663 contra
394 624 557 663 Clavieri
588 624 815 662 sententiam
844 632 1006 674 possunt
1033 623 1114 660 dis-

91 683 239 735 putari,
257 696 375 733 quum
400 683 523 720 simile
553 682 645 732 quid
671 682 711 719 in
728 682 971 732 antiquitate,
988 694 1113 732 quan-

93 750 174 779 tum
197 741 335 789 sciam,
357 755 435 779 11011
452 740 678 791 reperiatur.
701 740 776 778 Sed
802 740 995 777 mittamus
1012 740 1114 784 haec,

92 800 275 850 quoniam
292 807 419 838 sumto
436 799 654 850 praecipuo,
669 811 747 848 quo
766 798 847 835 haec
868 798 1001 849 opinio
1020 797 1113 835 niti-

92 866 173 906 tur,
193 858 330 908 fulcro,
344 858 535 909 Stephani
551 858 677 895 locum
694 856 799 903 dico,
816 865 940 894 totum
959 865 1116 894 corruat

91 918 347 954 necessarium
361 925 428 954 est.
442 919 538 954 Nam
550 929 667 966 quum
682 915 754 953 loci
771 928 858 952 cum
871 914 960 952 libri
979 915 1116 952 notitia

91 989 114 1013 a
131 975 327 1026 Stephano
347 974 490 1012 laudati
507 975 692 1026 plerique,
709 974 763 1011 uti
784 987 854 1024 par
872 982 941 1020 est,
959 987 1006 1011 ex
1027 986 1117 1024 geo-

93 1033 285 1084 graphicis
304 1034 366 1070 vel
394 1033 587 1070 historicis
614 1032 838 1083 Apollodori
865 1031 975 1070 libris
1005 1032 1116 1082 petiti

92 1092 185 1140 sint,
203 1100 317 1142 atque
340 1105 475 1130 revera
495 1092 634 1129 horum
656 1091 844 1129 exstiterit
869 1091 1054 1141 epitome,
1074 1099 1117 1128 ut

91 1149 190 1187 infra
218 1149 480 1188 demonstrare
508 1149 689 1197 studebo,
722 1149 944 1187 temeritatis
969 1149 1115 1186 crimen

93 1221 169 1246 non
196 1208 443 1260 subterfugit,
471 1209 537 1260 qui
564 1210 692 1247 locum
720 1222 758 1246 v.
787 1207 892 1258 Δύμη
920 1208 1115 1246 laudatum

92 1265 141 1304 ad
162 1267 461 1318 mythologicum
488 1281 586 1318 opus
614 1268 758 1305 referre
778 1267 883 1315 velit,
904 1267 1115 1317 praesertim

93 1338 215 1376 quum
229 1339 275 1363 ex
292 1325 430 1363 fabulis
450 1334 643 1376 postrema
664 1334 772 1377 parte
791 1325 880 1363 libri
906 1326 1006 1363 101111
1027 1339 1116 1363 nar-

91 1383 222 1421 randis
240 1385 306 1422 vix
321 1384 444 1435 possis
458 1384 548 1422 huic
564 1385 760 1423 sententiae
774 1384 1116 1422 verisimilitudinis

92 1442 261 1492 speciem
281 1442 497 1480 conciliare.

146 1502 325 1538 Ceterum
366 1500 613 1538 Bibliothecae
651 1501 806 1539 titulum
838 1515 918 1539 non
952 1501 1000 1539 ab
1030 1502 1116 1553 ipso

91 1559 331 1609 Apollodoro
347 1560 456 1610 operi
473 1567 608 1597 nostro
621 1560 848 1611 inscriptum
865 1560 980 1598 fuisse
999 1574 1116 1611 supra

89 1615 169 1667 jam
190 1617 367 1655 indicavi.
382 1617 488 1655 Idem
507 1626 636 1655 censet
654 1619 882 1656 Welckerus
899 1619 967 1665 (de
983 1620 1115 1669 Cyclo,

92 1687 131 1725 p.
154 1674 246 1725 89),
268 1676 336 1726 qui
370 1689 459 1713 eum
488 1675 587 1714 bene
615 1676 773 1727 quidem
805 1677 995 1728 quadrare
1022 1678 1116 1715 dicit

93 1746 179 1770 cum
201 1734 245 1772 iis
264 1748 350 1785 quae
380 1734 419 1772 in
447 1736 724 1785 epigrammate
751 1736 860 1773 initio
880 1744 1115 1775 commenta-

94 1790 207 1828 tionis
226 1800 367 1829 nostrae
384 1794 562 1843 apposito
582 1793 782 1845 leguntur,
803 1794 870 1832 sed
888 1795 963 1833 hoc
987 1796 1115 1847 ipsum

92 1850 312 1900 suspicatur
343 1864 423 1889 non
450 1852 648 1902 epitomae,
675 1866 789 1903 quam
820 1853 979 1892 Photius
1006 1855 1114 1905 legit,

92 1907 157 1945 sed
170 1907 306 1958 majori
320 1909 449 1947 Nostri
464 1911 573 1961 operi
585 1911 844 1962 mythologico
858 1914 1113 1963 propositum,

92 1979 140 2003 ex
160 1980 283 2018 eoque
304 1967 552 2007 Bibliothecae
573 1970 725 2007 titulum
744 1971 915 2008 effictum
941 1985 1031 2010 esse.
1051 1973 1116 2011 Li-

92 2033 176 2062 ceat
192 2026 287 2063 mihi
303 2026 351 2064 ab
365 2027 439 2064 hoc
454 2028 528 2064 viri
547 2029 684 2065 summi
697 2028 846 2079 judicio
874 2043 996 2068 meam
1023 2045 1113 2070 sen—

93 2084 248 2121 tentiam
266 2085 319 2135 sej
325 2099 476 2136 ungere.
497 2089 594 2124 Nam
609 2096 795 2138 praeterea
807 2089 925 2138 quod,
940 2098 981 2127 ut
997 2091 1115 2129 modo

93 2141 192 2188 dixi,
215 2143 311 2180 nihil
334 2156 491 2191 eorum,
514 2159 599 2196 quae
619 2146 692 2183 viri
721 2146 824 2184 docti
843 2149 1113 2198 protulerunt,

93 2201 297 2251 impediat,
319 2203 525 2252 quominus
554 2205 813 2255 Apollodorus
845 2206 986 2244 librum
1015 2208 1113 2246 scri—

94 2260 213 2309 pserit
234 2259 403 2310 ejusdem
427 2262 506 2299 fere
525 2263 707 2311 ambitus,
725 2265 785 2302 vel
810 2265 923 2302 etiam
945 2267 1114 2316 minoris,

92 2331 207 2368 quam
228 2318 278 2366 is,
304 2333 418 2370 quem
450 2334 552 2358 nunc
577 2322 783 2369 habemus3
810 2323 882 2361 alia
913 2334 1001 2362 sunt
1032 2340 1114 2376 quae

92 2376 205 2414 aliam
232 2377 346 2427 hujus
374 2379 474 2416 tituli
504 2380 818 2430 significationem
847 2383 1042 2422 suadeant.
1063 2389 1115 2423 Ut

93 2437 224 2488 paucis
244 2438 402 2489 eloquar
419 2439 510 2490 quid
525 2441 699 2486 sentiam,
715 2441 962 2480 Bibliothecae
982 2444 1114 2482 titulus

93 2497 260 2546 pertinet
278 2511 356 2535 non
386 2499 508 2536 solum
536 2499 585 2536 ad
614 2499 733 2538 libros
761 2501 846 2538 illos
878 2510 953 2539 tres
986 2516 1112 2541 rerum

93 2555 362 2605 mythicarum,
387 2557 453 2595 sed
473 2558 587 2595 etiam
610 2559 658 2595 ad
677 2559 886 2607 Chronica,
913 2574 998 2611 quae
1027 2576 1112 2600 cum

91 2612 165 2650 illis
188 2614 228 2651 in
250 2629 367 2652 unum
387 2629 526 2667 corpus
554 2617 780 2668 conjuncta,
804 2620 1057 2659 universalem
1076 2631 1114 2660 et

94 2673 416 2723 compendiariam
455 2675 653 2714 historiam
693 2677 969 2728 exhibuerunt,
1004 2695 1110 2731 quae,

93 2738 136 2766 ut
156 2731 195 2768 in
217 2732 468 2771 Anaximenis
488 2747 623 2785 opere,
644 2748 666 2772 a
687 2736 889 2787 theogonia
909 2751 1045 2776 exorsa
1067 2740 1114 2778 ad

93 2791 275 2839 aequalem
299 2804 421 2841 usque
440 2793 608 2831 auctoris
635 2802 783 2833 :etatem
815 2795 888 2833 fuit
915 2798 1110 2847 perducta.

93 2847 149 2884 Ac
176 2849 499 2897 quemadmodum
517 2850 635 2889 hocce
660 2865 759 2903 opus
790 2866 877 2890 cum
897 2853 1005 2892 libris
1019 2856 1112 2893 Dio-

93 2903 178 2942 dori
194 2908 493 2958 comparandum
507 2917 575 2957 est,
590 2911 643 2947 510
659 2911 773 2948 etiam
795 2912 955 2950 eandem
977 2913 1112 2952 habuit

93 2962 393 3015 inscriptionem.
424 2969 478 3005 Ut
506 2967 559 3005 ita
580 2976 743 3007 statuam
762 2978 890 3008 movet
916 2984 977 3009 me
1004 2972 1110 3010 locus

94 3021 219 3060 Photii
246 3036 362 3074 supra
385 3026 582 3064 excitatus.
606 3030 730 3074 Quam
756 3030 857 3066 enim
879 3028 934 3067 ibi
952 3030 1110 3080 legimus

93 3078 338 3119 Bibliothecae
361 3082 567 3134 descriptio
586 3092 661 3122 tam
682 3086 840 3124 confusa
858 3095 934 3135 est,
950 3096 992 3125 ut
1010 3102 1110 3138 quo-

94 3138 209 3176 modo
235 3152 318 3177 eam
345 3153 391 3177 ex
405 3154 468 3187 115
489 3155 574 3192 quae
592 3143 675 3193 ipse
702 3153 790 3182 ante
811 3146 944 3183 oculos
962 3145 1109 3192 habuit,

94 3208 227 3234 eruere
247 3199 436 3248 potuerit,
453 3208 494 3236 ut
516 3200 598 3250 ipse
619 3202 837 3241 Welckerus
856 3203 1014 3248 fatetur,
1031 3218 1107 3241 non

94 3256 314 3304 assequaris.
332 3259 466 3307 Neque
485 3259 686 3309 quisquam
706 3260 883 3299 Photium
914 3261 1107 3299 hominem

2127 145 2196 172 xu

1175 216 1255 255 haec
1278 218 1406 256 omnia
1432 231 1480 256 ex
1501 218 1789 270 epigrammatis
1809 218 1936 256 verbis
1956 218 2094 256 elicere
2122 233 2193 258 co-

1174 282 1284 312 natus
1313 284 1424 314 esset.
1456 279 1600 316 Contra
1631 276 1724 315 satis
1751 277 1953 315 commode
1980 277 2095 327 hujus
2121 278 2196 316 loci

1175 335 1349 373 confusio
1360 337 1601 387 explicatur,
1626 337 1654 374 si
1677 345 1889 375 statuamus
1914 337 2094 375 Photium
2117 352 2195 376 11011

1175 393 1297 430 solum
1320 395 1555 444 epigramma
1574 395 1670 433 illud
1692 395 1731 433 in
1754 396 1879 433 fronte
1895 397 2023 447 operis
2046 397 2195 448 legisse,

1175 449 1239 486 sed
1263 451 1375 488 etiam
1390 452 1501 489 aliam
1520 453 1676 491 brevem
1697 454 1887 504 quandam
1908 454 2095 501 notitiam,
2112 469 2197 505 quae

1176 507 1222 544 ad
1240 507 1536 557 Bibliothecam,
1554 513 1705 561 qualem
1727 513 1843 550 modo
1861 513 1962 559 dixi,
1978 514 2195 564 spectabat3

1175 566 1314 603 deinde
1340 580 1454 618 vero,
1475 582 1593 618 quum
1614 570 1694 607 haec
1714 571 1842 608 omnia
1867 572 2027 609 referret
2041 573 2088 610 ad
2112 587 2196 610 eam

1174 623 1423 662 Bibliothecae
1443 636 1607 675 partem,
1625 642 1738 677 quam
1759 629 1797 666 in
1816 643 1886 667 suo
1914 630 2108 668 volumine
2134 645 2196 669 re—

1176 683 1398 732 perit,eum
1422 684 1572 722 diversa
1591 686 1629 722 in
1653 700 1770 723 unum
1800 688 2091 738 conglutinasse.
2118 692 2197 727 Ita-

1175 754 1250 791 que
1270 741 1301 778 si
1325 742 1419 779 dicit
1443 742 1721 781 Bibliothecam
1752 747 1983 784 continuisse
2008 747 2197 798 ὀνομασίας

1174 800 1343 850 ποταμῶν
1361 798 1420 837 καὶ
1437 802 1562 853 χωρῶν
1585 800 1643 838 καὶ
1659 802 1763 840 ἐθνῶν
1787 803 1846 841 καὶ
1871 803 2026 852 πόλεων,
2047 815 2195 854 auctor,

1176 871 1223 895 ex
1246 872 1323 909 quo
1351 859 1432 896 haec
1460 859 1599 909 petita,
1616 862 1752 910 procul
1778 861 1898 899 dubio
1918 863 1964 900 ad
1988 864 2196 910 Chronica,

1175 916 1199 954 i.
1218 929 1250 954 0.
1273 916 1319 954 ad
1335 916 1586 967 posteriorem
1600 917 1844 957 Bibliothecae
1854 930 2000 971 partem
2018 924 2196 973 respexit.

1175 974 1237 1013 Ad
1253 975 1384 1013 eadem
1408 976 1568 1013 fortasse
1591 977 1792 1014 referenda
1821 988 1909 1016 sunt
1936 980 2016 1017 haec
2041 995 2049 1016 τ
2078 980 2143 1019 ὅσα
2158 996 2197 1019 τε

1175 1033 1254 1086 περὶ
1271 1036 1357 1072 θεῶν
1371 1033 1431 1071 καὶ
1452 1032 1577 1087 ἡρώων
1594 1037 1612 1072 ὃ
1625 1034 1747 1088 χρόνος
1772 1037 1887 1081 αὐτοῖς
1905 1037 2054 1082 δοξάζειν
2069 1038 2195 1088 ἔδωκε,

1176 1093 1228 1130 ita
1263 1101 1306 1130 ut
1338 1093 1438 1130 sint:
1461 1110 1476 1126 (ι
1499 1097 1594 1141 Quae
1622 1102 1840 1145 temporum
1870 1097 2198 1146 ratione1habita,

1175 1151 1223 1189 de
1241 1151 1313 1190 diis
1330 1160 1368 1189 et
1387 1151 1569 1189 heroibus
1586 1153 1802 1198 statuerint,
1820 1154 1876 1190 vel
1891 1168 1899 1190 ε
1927 1158 2022 1201 Quae
2035 1157 2081 1193 de
2094 1158 2198 1193 Deo-

1178 1223 1260 1247 rum
1279 1210 1518 1261 heroumque
1541 1218 1650 1248 aetate
1675 1211 1822 1261 opinati
1850 1220 1949 1249 sunt.
1962 1229 1977 1245 »
1991 1212 2198 1252 Obscurius

1177 1269 1259 1307 haec
1282 1283 1303 1306 a
1328 1269 1466 1306 Photio
1489 1282 1688 1320 expressa,
1707 1270 1887 1319 quoniam
1909 1271 2003 1320 quid
2030 1271 2101 1309 sibi
2121 1273 2199 1310 vel-

1176 1327 1277 1373 lent,
1304 1327 1386 1378 ipse
1414 1341 1493 1365 non
1525 1328 1653 1378 potuit
1686 1329 1917 1379 perspicere.
1946 1329 2007 1367 Ad
2039 1330 2200 1367 eandem

1175 1386 1455 1423 Bibliothecam
1487 1386 1732 1424 referendum
1766 1387 1921 1424 videtur
1953 1388 2198 1438 epigramma.

1175 1445 1344 1482 Primum
1368 1444 1450 1495 ejus
1467 1458 1617 1483 versum
1634 1459 1642 1481 :
1662 1444 1882 1496 αἷώνων’(510
1903 1447 1986 1496 lego
2004 1460 2091 1484 cum
2117 1448 2201 1486 Sal-

1177 1504 1295 1541 masio
1309 1512 1347 1541 et
1363 1504 1511 1553 Heynio
1529 1516 1599 1554 pro
1614 1503 1751 1556 αἰῶνος)
1766 1503 1946 1557 σπείρημα
1959 1504 2201 1558 ἀφυσσάμενος

1176 1563 1236 1600 ἀπ’
1268 1563 1365 1613 ἐμεῖο
1396 1561 1567 1610 Παιδείης
1597 1571 1717 1611 10010,
1748 1572 1864 1613 puto,
1897 1563 2067 1601 reddidit
2090 1573 2200 1603 vetus

1176 1622 1388 1672 interpres:
1409 1638 1424 1654 «
1446 1614 1839 1659 Saeculorum'seriem
1863 1630 1992 1659 nostra
2016 1623 2047 1660 si
2067 1623 2201 1674 legeris

1180 1687 1272 1717 arte.
1297 1697 1313 1712 υ
1345 1680 1516 1729 Heynius
1544 1680 1686 1717 vertit:
1709 1696 1725 1713 «
1753 1680 1942 1718 Hauriens
1974 1680 2107 1718 orbem
2142 1683 2201 1720 vel

1176 1739 1326 1788 cyclum
1347 1738 1577 1775 eruditionis
1605 1738 1854 1788 antiquitatis.
1875 1756 1891 1772 υ
1911 1739 2056 1777 Eodem
2085 1740 2201 1778 modo

1176 1797 1398 1835 Welckerus
1418 1797 1440 1834 1.
1457 1796 1480 1833 1.
1494 1796 1624 1847 jungit
1644 1795 1824 1849 σπείρημα
1845 1797 2023 1846 παιδείας,
2041 1798 2065 1836 1.
2084 1812 2116 1837 0.
2137 1798 2200 1837 κύ-

1174 1856 1257 1894 κλον
1284 1854 1505 1894 παιδευτικὸν
1539 1856 1598 1893 vel
1625 1854 1752 1894 κύκλον
1770 1856 1923 1910 ἱστορίας
1955 1858 2198 1907 παιδευτικῆς,

1175 1915 1285 1952 5101111
1315 1915 1524 1964 Dionysius
1550 1915 1699 1952 Samius
1725 1915 1855 1952 decem
1895 1916 2014 1954 libros
2045 1917 2200 1971 ἱστορίας

1175 1973 1401 2020 παιδευτικῆς
1442 1973 1605 2024 scripsit.
1640 1974 1790 2011 Certius
1835 1975 1978 2025 aliquid
2027 1989 2200 2026 pronun-

1176 2034 1269 2070 tiare
1294 2034 1450 2079 liceret,
1468 2033 1500 2070 si
1523 2032 1677 2082 quidem
1708 2042 1949 2083 compertum
1970 2034 2197 2073 haberemus

1175 2092 1266 2142 quid
1286 2091 1358 2129 sibi
1374 2092 1518 2129 vellent
1533 2091 1597 2128 illa
1620 2106 1629 2127 ε
1651 2089 1699 2142 μὴ
1722 2091 1873 2129 κυκλίων
1894 2091 1989 2139 ζήτει
2007 2092 2198 2147 πολύθρουν

1174 2149 1306 2202 στίχον.
1338 2153 1395 2187 De
1425 2150 1522 2199 cycli
1559 2150 1754 2187 Homerici
1782 2151 2003 2188 auctoribus
2036 2154 2198 2202 cogitari

1174 2209 1379 2259 nequit,ut
1402 2217 1502 2246 recte
1523 2217 1654 2246 monet
1665 2209 1888 2247 Welckerus
1911 2218 2043 2248 contra
2065 2214 2199 2249 Casau-

1174 2265 1332 2314 bonum,
1354 2267 1582 2317 Bentlejum,
1596 2267 1799 2317 Heynium.
1826 2270 1912 2318 Ipse
1934 2268 2198 2318 dithyrambos

1174 2325 1335 2376 intelligi
1355 2325 1454 2371 vult,
1478 2326 1624 2376 quippe
1651 2326 1716 2375 qui
1741 2327 1826 2376 plus
1855 2340 1984 2364 rerum
2012 2328 2197 2377 mythica-

1175 2397 1260 2421 rum
1275 2384 1518 2421 continerent
1531 2398 1645 2435 quam
1661 2385 1828 2422 carmina
1843 2385 1959 2435 lyrica
1971 2394 2008 2422 et
2021 2387 2195 2436 elegiaca.

1175 2446 1320 2481 Vereor
1346 2452 1390 2480 ut
1424 2452 1559 2481 auctor
1580 2445 1862 2495 epigrammatis
1888 2445 1941 2482 ita
1969 2445 2194 2483 distinxerit.

1174 2502 1360 2552 Equidem
1390 2502 1515 2540 verbis
1543 2502 1694 2541 κυκλίων
1724 2502 1916 2576 πολύθρουν
1942 2503 2061 2555 στίχον
2095 2504 2196 2542 (1051-

1172 2561 1281 2610 gnari
1301 2561 1473 2612 suspicor
1500 2560 1662 2600 κύκλον(
1653 2562 1844 2615 ιστορικὸν,
1861 2562 1884 2599 1.
1906 2576 1937 2599 e.
1961 2575 2057 2612 opus
2078 2562 2195 2600 histo-

1175 2619 1289 2656 rico·
1269 2620 1599 2671 -geographicum
1619 2650 1629 2668 ‚
1670 2621 1783 2671 quale
1816 2621 1971 2658 fuerunt
2004 2619 2195 2658 Chronica

1172 2679 1425 2730 Apollodori,
1448 2681 1659 2727 Hellanici,
1690 2680 1888 2719 Charonis.
1920 2683 1975 2717 Ac
1994 2679 2025 2716 si
2040 2680 2192 2730 quidem

1174 2746 1277 2776 recte
1296 2739 1453 2776 Polemo
1474 2748 1636 2776 vocatur
1661 2737 1841 2783 κυκλικὸς,
1861 2751 1958 2788 opus
1969 2738 2065 2788 ejus,
2088 2739 2192 2789 quod

1172 2797 1320 2846 cyclum
1341 2797 1612 2843 nominabant,
1640 2810 1717 2833 non
1752 2796 1855 2833 aliud
1886 2809 1966 2833 esse
1996 2797 2126 2847 potuit
2148 2810 2192 2835 ac

1171 2853 1376 2908 περιήγησις
1391 2854 1557 2906 κοσμική.
1575 2859 1708 2904 Neque
1728 2853 1846 2891 verba
1863 2852 2054 2907 πολύθρους
2074 2854 2193 2908 στίχος

1172 2913 1209 2949 111
1236 2922 1411 2963 poemate
1437 2914 1696 2963 refragantur,
1718 2912 1923 2962 quominus
1943 2912 1991 2950 de
2012 2915 2193 2964 prosariis

1171 2973 1321 3022 scriptis
1345 2972 1613 3021 intelligamus,
1642 2970 1798 3008 Accedit
1826 2971 1930 3021 quod
1964 2972 2019 3009 sic
2038 2972 2191 3010 demum

1170 3029 1263 3067 illud
1283 3045 1290 3066 :
1307 3029 1461 3083 εὑρήσεις
1475 3030 1509 3066 ἓν
1524 3028 1600 3078 ἐμοὶ
1617 3026 1717 3066 πάνθ’
1734 3026 1798 3065 ὅσα
1818 3027 1947 3080 κόσμος
1962 3028 2034 3081 ἔχει
2052 3043 2128 3068 11011
2144 3030 2191 3068 ad

1170 3090 1271 3127 solos
1291 3089 1442 3138 mythos
1462 3096 1739 3138 poetarumque
1762 3088 1941 3138 figmenta
1964 3088 2191 3139 restringen-

1170 3147 1260 3183 dum
1286 3154 1353 3183 est.
1379 3148 1514 3195 Neque
1535 3154 1658 3183 tamen
1684 3146 1765 3183 haec
1790 3159 2075 3197 premo,quum
2092 3146 2190 3184 bene

1169 3204 1282 3241 sciam
1301 3216 1415 3254 quam
1437 3217 1528 3254 vaga
1546 3205 1621 3241 sint
1637 3213 1674 3242 et
1695 3205 1853 3242 incerta.

1220 3265 1272 3299 Ut
1307 3275 1400 3299 vero
1429 3263 1591 3299 seriores
1630 3262 1929 3313 mythologicum
1967 3263 2190 3312 Apollodori

1168 3333 1263 3368 opus
1293 3333 1378 3357 cum
1409 3321 1610 3358 Chronicis
1650 3321 1688 3358 in
1730 3334 1847 3358 unum
1886 3320 2188 3371 conjungerent,
