2320 3684
608 131 942 171 APOLLODORI
970 131 1333 174 BIBLIOTHECAE
1361 134 1440 187 111,
1475 140 1536 174 15.

72 222 124 274 (2)
147 219 343 275 Ὠρείθυιαν
355 219 392 257 δὲ
407 219 570 273 περῶσαν
588 216 832 270 (παίζουσανῖ)
853 216 911 255 ἐπὶ
936 216 1049 256 Ἰλισ-

18 283 81 319 σοῦ
99 282 262 331 ποταμοῦ
283 276 444 333 ἁρπάσας
461 274 594 330 Βορέας
613 275 794 322 συνῆλθεν.
822 274 869 314 ‘H
889 274 926 313 δὲ
945 281 1050 329 γεννᾷ

18 337 210 392 θυγατέρας
245 336 308 390 μὲν
346 334 577 388 Κλεοπάτραν
609 332 669 372 καὶ
699 332 833 381 Χιόνην
847 349 855 357 ·
885 332 978 377 υἱοὺς
1013 332 1051 371 δὲ

19 397 139 445 Ζήτην
159 397 219 435 καὶ
233 395 370 436 Κάλαϊν
389 390 604 448 πτερωτούς·
616 393 633 418 ²
645 391 693 440 οἳ,
713 390 879 437 πλέοντες
891 391 954 431 σὺν
973 391 1051 431 Ἰά-

19 471 96 495 σονι
110 487 121 505 ,
140 455 200 495 καὶ
226 454 289 498 τὰς
311 451 479 507 Ἁρπυίας
503 450 707 500 διώκοντες,
734 449 918 489 ἀπέθανον·
949 452 995 495 ὡς
1015 448 1051 488 δὲ

20 514 244 557 Ἀκουσίλαος
257 511 374 564 λέγει,
399 510 480 565 περὶ
499 512 616 557 Τῆνον
634 510 692 564 ὑφ’
713 508 929 564 Ἡρακλέους
948 507 1052 548 ἀπώ-

19 575 135 613 λοντο.
157 573 213 626 (3)
230 570 462 624 Κλεοπάτραν
480 568 517 608 δὲ
536 567 647 621 ἔγημε
664 567 806 613 Φινεύς.
826 563 874 625 ᾯ
897 568 1054 621 γίνονται

19 633 141 676 παῖδες
156 630 192 677 ἐξ
210 631 318 677 αὐτῆς
339 628 547 677 Πλήξιππος
561 628 622 667 καὶ
641 627 817 667 Πανδίων.
839 629 856 653 2
869 626 994 681 Ἔχων
1016 625 1053 665 δὲ

20 690 166 734 τούτους
180 691 221 728 ἐκ
243 688 474 742 Κλεοπάτρας
498 687 645 736 παῖδας,
678 686 809 726 Ἰδαίαν
838 686 963 738 ἐγάμει
988 685 1052 734 τὴν

23 749 219 805 Δαρδάνου.
250 747 407 796 Κάκείνη
426 749 496 786 τῶν
522 744 711 801 προγόνων.
728 745 814 800 πρὸς
833 744 951 786 Φινέα
967 748 1055 799 φθο-

22 807 85 862 ρὰν
98 805 367 861 καταψεύδεται·
381 811 398 836 3
407 805 467 844 καὶ
479 803 670 849 πιστεύσας
683 803 827 854 Φινεὺς,
839 803 1056 859 ἀμφοτέρους

21 868 157 922 τυφλοῖ.
183 859 455 920 Παραπλέοντες
475 863 511 903 δὲ
537 866 570 903 οἱ
594 862 913 919 Ἀργοναῦταιῇσὺν
943 861 1056 918 Βορέᾳ

21 926 231 972 κολάζονται
250 922 367 963 αὐτόν.

76 987 130 1039 (4)
147 984 260 1033 Χιόνη
279 983 316 1023 δὲ
331 983 529 1024 Ποσειδῶνι
549 982 726 1036 μίγνυται.
743 983 788 1022 Ἥ
811 982 848 1022 δὲ
866 982 982 1038 κρύφα
994 985 1055 1022 τοῦ

22 1045 154 1100 πατρὸς
173 1044 364 1096 Εὔμολπον
387 1046 557 1092 τεκοῦσα,
583 1041 642 1081 ἵνα
661 1041 711 1095 μὴ
728 1041 874 1094 γένηται
891 1057 1057 1096 καταφα-

23 1103 98 1154 νὲς,
124 1106 172 1148 εἷς
190 1103 249 1143 τὸν
273 1102 374 1156 βυθὸν
404 1101 517 1156 ῥίπτει
539 1101 580 1141 τὸ
609 1096 761 1141 παιδίον.
779 1103 796 1127 2
811 1102 993 1141 Ποσειδῶν
1020 1099 1057 1139 δὲ

25 1161 243 1215 ἀνελόμενος,
263 1163 311 1206 εἷς
327 1160 516 1201 Αἰθιοπίαν
535 1159 694 1212 κομίζει,
717 1160 777 1199 καὶ
798 1160 919 1199 δίδωσι
934 1163 1059 1200 Βενθε-

26 1221 160 1275 σικύμῃ
187 1219 324 1276 τρέφειν
345 1223 452 1259 αὐτοῦ
472 1219 616 1274 θυγατρὶ
632 1219 693 1259 καὶ
707 1219 943 1274 Ἀμφιτρίτης.
964 1220 980 1245 3
994 1219 1059 1265 εΩς

26 1279 64 1320 δὲ
95 1278 279 1327 ἐτελειώθη
308 1277 404 1318 ἔνδον
436 1280 471 1317 ἐν
506 1277 788 1330 Βενθεσικύμης,
825 1281 844 1317 ὃ
879 1276 967 1332 ἀνὴρ
994 1277 1058 1325 τὴν

26 1337 148 1394 ἑτέραν
169 1339 265 1392 αὐτῷ
289 1340 359 1377 τῶν
377 1336 575 1391 θυγατέρων
597 1337 751 1376 δίδωσιν.
768 1338 784 1364 4
798 1337 843 1377 ‘O
860 1336 897 1376 δὲ
916 1337 976 1376 καὶ
995 1336 1059 1385 τὴν

28 1396 181 1453 ἀδελφὴν
206 1399 269 1444 τῆς
294 1396 511 1449 γαμηθείσης
542 1395 750 1450 ἐπεχείρησε
777 1395 973 1448 βιάζεσθαι·
1000 1394 1061 1434 καὶ

7 1456 88 1505 ,διὰ
116 1460 220 1495 τοῦτο
255 1449 501 1510 φυγαδευθεὶς,
531 1454 622 1506 μετὰ
654 1454 825 1509 Ἰσμάρου
851 1458 912 1493 τοῦ
939 1454 1062 1498 παιδὸς

28 1511 115 1571 πρὸς
133 1514 303 1570 Τεγύριον
322 1510 415 1564 ἧκε,
438 1516 594 1568 Θρακῶν
624 1513 793 1567 βασιλέα,
821 1513 858 1558 ὃς
880 1515 986 1552 αὐτοῦ
1011 1515 1062 1567 τῷ

28 1574 129 1614 παιδὶ
156 1573 220 1622 τὴν
257 1573 431 1628 θυγατέρα
463 1571 668 1626 συνῴκισεν.
686 1574 704 1599 ⁵
724 1571 987 1612 Ἐπιὸουλεύων
1025 1571 1062 1610 δὲ

30 1633 172 1688 ὕστερον
189 1632 351 1687 Τεγυρίῳ
369 1631 572 1687 καταφανὴς
588 1632 743 1684 γίνεται,
763 1631 823 1670 καὶ
840 1631 926 1686 πρὸς
941 1631 1064 1671 Ἐλευ-

31 1692 160 1736 σινίους
189 1691 330 1746 φεύγει,
371 1690 431 1729 καὶ
467 1689 584 1745 φιλίαν
619 1695 774 1729 ποιεῖται
807 1689 895 1744 πρὸς
926 1688 1062 1733 αὐτούς.

31 1745 165 1796 θΑῧθις
178 1749 215 1790 δὲ
233 1750 402 1804 Ἰσμάρου
420 1749 705 1799 τελευτήσαντος,
720 1748 984 1803 μεταπεμφθεὶς
997 1748 1063 1787 ὑπὸ

23 1809 205 1864 ,Τεγυρίου
220 1808 470 1863 παραγίνεται,
487 1808 547 1847 καὶ
566 1808 630 1856 τὴν
651 1811 781 1863 προτοῦ
803 1807 924 1860 μάχην
945 1807 1065 1845 διαλυ-

34 1869 203 1921 σάμενος,
219 1867 283 1915 τὴν
305 1867 484 1920 βασιλείαν
499 1867 691 1921 παρέλαὸε.
709 1870 725 1895 7
738 1866 810 1906 Καὶ
827 1864 985 1917 πολέμου
1005 1866 1064 1904 ἐν-

35 1927 180 1971 στάντος
196 1926 281 1981 πρὸς
298 1926 497 1974 Ἀθηναίους
514 1932 586 1971 τοῖς
606 1925 850 1975 Ἐλευσινίοις,
867 1924 1066 1972 ἐπικληθεὶς

35 1987 103 2026 ὑπὸ
132 1986 359 2026 Ἐλευσινίων
373 2017 383 2035 ,
416 1985 506 2038 μετὰ
538 1987 671 2033 πολλῆς
696 1985 888 2038 συνεμάχει
910 1986 1064 2038 Θρακῶν

35 2046 226 2098 δυνάμεως.
255 2050 272 2075 8
295 2045 459 2099 Ἐρεχθεῖ
480 2043 517 2083 δὲ
535 2044 622 2099 ὑπὲρ
645 2044 835 2093 Ἀθηναίων
852 2043 951 2092 νίκης
964 2059 1066 2098 χρω-

36 2103 152 2160 μένῳ,
178 2103 328 2159 ἔχρησεν
349 2107 368 2143 ὃ
390 2104 464 2148 θεὸς
481 2103 714 2158 κατορθώσειν
734 2103 792 2142 τὸν
810 2102 980 2154 πόλεμον,
1006 2102 1065 2141 ἐὰν

21 2194 24 2198 .
45 2163 120 2206 ιιίαν
146 2165 216 2203 τῶν
246 2162 445 2218 θυγατέρων
474 2162 600 2218 σφάξῃ.
626 2163 726 2202 9Καὶ
742 2162 935 2218 σφάξαντος
958 2163 1066 2201 αὐτοῦ

37 2222 100 2271 τὴν
129 2221 307 2270 νεωτάτην
322 2253 332 2271 ,
369 2222 430 2261 καὶ
465 2224 500 2261 αἱ
526 2221 647 2261 λοιπαὶ
677 2221 802 2266 ἑαυτὰς
830 2220 1066 2275 κατέσφαξαν·

19 2281 248 2332 ,ἐπεποίηντο
276 2282 363 2335 γὰρ,
395 2282 443 2325 ὥς
467 2281 600 2336 ἔφασάν
620 2297 729 2330 τινες,
757 2279 980 2333 συνωμοσίαν
1006 2282 1068 2318 ἀλ-

37 2340 161 2388 λήλαις
186 2338 455 2379 συναπολέσθαι.
484 2342 517 2369 10
537 2338 733 2392 Γενομένης
748 2339 793 2388 ᾗδὲ
821 2338 910 2391 μετὰ
930 2338 1067 2392 σφαγὴν

37 2401 101 2446 τῆς
119 2398 258 2452 μάχης,
281 2398 468 2452 Ἐρεχθεὺς
495 2398 559 2450 μὲν
579 2401 714 2439 ἀνεῖλεν
739 2398 943 2451 Εὔμολπον.

94 2457 149 2511 (5)
168 2458 386 2502 Ποσειδῶνος
397 2456 434 2496 δὲ
453 2458 514 2496 καὶ
529 2458 589 2497 τὸν
607 2457 780 2513 Ἐρεχθέα
799 2458 859 2497 καὶ
878 2457 941 2505 τὴν
956 2457 1067 2496 οἰκίαν

15 2519 16 2522 ’
41 2517 146 2556 αὐτοῦ
177 2515 439 2561 καταλύσαντος
454 2547 465 2565 ,
497 2517 644 2572 Κέκροψ
681 2520 700 2556 ὃ
730 2515 973 2571 πρεσὸύτατος
999 2518 1068 2555 τῶν

41 2573 237 2630 Ἐρεχθέως
263 2575 398 2614 παίδων
428 2575 665 2616 ἐδασίλευσεν·
694 2578 711 2602 2
728 2575 764 2620 ὃς
786 2575 903 2628 γήμας
923 2575 1069 2623 Μητιά-

42 2635 168 2674 δουσαν
189 2634 253 2683 τὴν
274 2634 498 2686 Εὐπαλάμου
519 2636 643 2685 παῖδα,
661 2634 832 2675 ἐτέκνωσε
850 2635 1040 2674 Πανδίονα.

52 2738 54 2740 ,
94 2695 112 2721 ³
123 2689 236 2738 Οῧτος
254 2694 343 2746 μετὰ
355 2694 523 2749 Κέκροπα
539 2694 748 2748 βασιλεύων,
762 2695 831 2734 ὑπὸ
840 2697 910 2734 τῶν
929 2694 1070 2743 Μητίο-

27 2767 97 2810 ἲνος
113 2755 196 2792 υἱῶν
222 2753 314 2792 κατὰ
336 2753 459 2793 στάσιν
484 2754 665 2803 ἐξεὸλήθη.
694 2755 767 2795 Καὶ
791 2753 1071 2809 παραγενόμενος

44 2813 98 2857 εἰς’
110 2811 262 2874 Μέγαρα
276 2812 360 2866 πρὸς
372 2812 509 2862 Πύλαν,
526 2813 589 2862 τὴν
605 2814 736 2853 ἐκείνου
751 2813 924 2868 θυγατέρα
937 2814 1070 2853 Πελίαν

44 2876 159 2928 γαμεῖ.
175 2875 192 2900 4
207 2874 314 2916 Αὖθις
332 2871 392 2910 καὶ
408 2875 470 2919 τῆς
483 2872 616 2918 πόλεως
632 2873 794 2926 βασιλεὺς
807 2873 865 2912 ὑπ’
880 2875 985 2911 αὐτοῦ
1003 2889 1071 2912 κα-

45 2929 216 2969 θίσταται.
234 2931 383 2976 Κτείνας
398 2931 465 2986 γὰρ
486 2932 608 2976 Πύλας
623 2932 681 2972 τὸν
696 2937 758 2972 τοῦ
777 2932 907 2987 πατρὸς
924 2932 1070 2987 ἀδελφὸν

46 2988 202 3040 Βίαντα,
230 2989 293 3038 τὴν
317 2991 496 3044 βασιλείαν
518 2991 640 3031 δίδωσι
671 2991 868 3042 Πανδίονι,
907 2991 1007 3036 αὐτὸς
1035 2992 1071 3030 δὲ

47 3048 94 3092 εἷς
108 3047 375 3098 Πελοπόννησον
393 3049 454 3089 σὺν
481 3051 557 3104 λαῷ
577 3054 870 3105 παραγενόμενος,
886 3050 995 3096 κτίζει
1008 3050 1072 3089 πό-

47 3112 99 3146 Αιν
119 3107 247 3147 Πύλον.

99 3168 116 3191 ⁵
130 3167 294 3206 Πανδίονι
311 3167 348 3207 δὲ
364 3169 400 3207 ἐν
415 3170 592 3222 Μεγάροις
610 3168 684 3208 ὄντι
699 3170 820 3213 παῖδες
833 3169 992 3221 ἐγένοντο
1003 3171 1072 3208 Αἰ·-

48 3224 138 3276 γεὺς,
158 3222 323 3276 Πάλλαξ,
352 3229 478 3277 Νῖσος,
503 3228 629 3272 Λύκος.
650 3227 769 3267 Ἔνιοι
788 3227 825 3267 δὲ
843 3229 956 3279 Αἰγέα
973 3231 1072 3268 Σκυ-

2058 141 2127 173 177

1145 229 1191 272 (2)
1205 231 1387 273 Orithyiam
1396 240 1474 265 vero
1483 231 1615 265 Ilissum
1625 230 1761 264 fluvium
1779 231 2002 264 transeuntem
2014 232 2133 264 Boreas

1104 300 1211 340 rapuit
1225 303 1346 333 etcum
1362 310 1401 334 ea
1416 302 1602 335 concubuit.
1621 304 1702 341 Quae
1717 301 1841 344 peperit
1858 301 1887 334 ei
1902 301 1984 333 filias
2000 300 2133 341 Cleopa-

1103 368 1189 400 tram
1204 371 1237 401 et
1249 369 1407 412 Chionen,
1422 371 1506 404 tilios
1524 373 1620 405 Zeten
1637 374 1669 403 et
1684 370 1798 404 Calain
1813 370 1960 412 aligeros.
1977 370 2040 402 2Hi
2058 379 2134 402 cum

1105 441 1220 473 Iasone
1229 441 1429 483 navigantes,
1439 443 1519 475 dum
1532 443 1691 485 Harpyias
1698 441 1984 485 persequebantur,
1992 442 2113 484 periere
2124 453 2134 482 ;

1105 514 1143 544 ut
1157 512 1268 545 autem
1280 512 1450 545 Acusilaus
1463 513 1554 555 dicit,
1569 513 1611 546 ad
1624 515 1750 546 Tenum
1768 512 1810 545 ab
1821 513 1960 546 Hercule
1975 513 2137 547 interfecti

1107 584 1196 616 sunt.
1221 583 1268 626 (3)
1286 583 1490 626 Cleopatram
1510 595 1647 619 uxorem
1658 586 1753 619 duxit
1767 586 1908 619 Phineus
1922 609 1932 625 ‚
1957 585 2015 627 qui
2030 593 2072 618 ex
2099 593 2138 618 ea

1106 652 1189 686 filios
1202 654 1344 695 suscepit
1354 654 1545 696 Plexippum
1555 658 1587 688 et
1598 656 1808 689 Pandionem.
1820 660 1835 680 ⁹
1843 656 1934 690 Natis
1941 657 1992 689 his
2001 664 2043 689 ex
2050 655 2139 689 Cleo-

1107 723 1200 763 patra
1214 721 1302 762 filiis,
1314 722 1436 755 Idaeam
1451 722 1546 756 duxit
1562 725 1702 757 Dardani
1721 725 1832 758 filiam.
1854 727 1902 758 Ea
1917 725 2082 766 privignos
2105 733 2139 758 se

1108 793 1144 825 in
1156 793 1308 834 stuprum
1322 792 1442 825 illicere
1457 792 1600 826 voluisse
1612 795 1700 835 apud
1718 797 1843 836 patrem
1861 795 1942 828 salso
1957 795 2137 828 insimulat.

1109 873 1124 893 ⁸
1138 865 1235 904 Quod
1249 864 1383 898 credens
1396 864 1539 898 Phineus
1551 866 1724 906 utrumque
1744 868 1895 899 excaecat.
1906 866 1968 899 Sed
1981 869 2141 908 Argonau-

1109 935 1153 967 tae
1165 942 1242 966 cum
1257 934 1369 966 Boreae
1384 932 1458 965 filiis
1474 932 1552 965 illuc
1566 933 1693 974 appulsi
1709 932 1740 964 in
1756 942 1831 965 eum
1852 934 2125 967 animadvertunt.

1153 992 1199 1034 (4)
1219 993 1344 1027 Chione
1360 1001 1379 1024 a
1391 994 1542 1034 Neptuno
1552 1000 1736 1033 compressa
1751 1001 1852 1033 quum
1866 993 1950 1025 clam
1964 994 2056 1035 patre
2080 996 2143 1026 Eu-

1111 1058 1257 1100 molpum
1268 1057 1458 1100 peperisset,
1470 1065 1511 1089 ne
1521 1057 1733 1099 detegeretur,
1744 1057 1900 1090 infantem
1911 1058 1944 1090 in
1958 1067 2046 1091 mare
2062 1058 2143 1100 abje-

1111 1127 1167 1159 cit.
1184 1128 1200 1148 2
1211 1128 1379 1168 Neptunus
1388 1134 1467 1158 vero
1477 1125 1643 1158 sublatum
1649 1133 1786 1166 puerum
1794 1125 1828 1157 in
1838 1125 2033 1166 AEthiopiam
2042 1128 2145 1158 trans-

1112 1192 1188 1225 tulit
1210 1193 1242 1224 et
1253 1191 1407 1224 alendum
1417 1190 1550 1223 tradidit
1559 1190 1829 1232 Benthesicymae,
1838 1189 1911 1223 filiae
1918 1190 2019 1232 ipsius
2030 1193 2062 1223 et
2072 1193 2146 1223 Am-

1113 1256 1265 1298 phitritae.
1281 1262 1296 1282 ὅ
1315 1257 1380 1295 Qui
1392 1256 1450 1289 ubi
1465 1256 1550 1298 apud
1564 1256 1835 1297 Benthesicymen
1858 1255 2055 1295 adoleverat,
2077 1256 2147 1295 ejus

1114 1322 1250 1354 maritus
1260 1321 1321 1363 ipsi
1332 1321 1465 1354 alteram
1475 1330 1494 1354 e
1509 1321 1638 1354 filiabus
1650 1321 1686 1354 in
1699 1321 1942 1353 matrimonium
1949 1319 2049 1352 dedit.
2064 1324 2076 1343 ⁴
2087 1319 2148 1352 Hic

1115 1387 1213 1420 etiam
1234 1387 1338 1420 sorori
1360 1387 1472 1419 uxoris
1494 1386 1562 1419 vim
1585 1386 1703 1419 inferre
1724 1394 1893 1427 aggressus
1915 1388 1975 1418 est.
2006 1387 2148 1426 Quapro-

1115 1455 1186 1495 pter
1198 1452 1296 1485 exilio
1314 1452 1473 1484 multatus
1490 1460 1566 1484 cum
1582 1453 1707 1484 Ismaro
1730 1450 1797 1483 filio
1812 1450 1854 1483 ad
1870 1451 2044 1492 Tegyrium
2054 1451 2148 1482 Thra-

1116 1518 1176 1551 ciae
1188 1526 1297 1559 regern
1310 1516 1466 1558 confugit,
1481 1516 1539 1558 qui
1551 1516 1651 1549 filiam
1664 1525 1758 1549 suam
1774 1515 1859 1548 illius
1866 1515 1935 1548 ,filio
1950 1515 2147 1557 conjugavit.

1117 1584 1131 1603 ¹⁴
1138 1585 1255 1616 Postea
1265 1585 1374 1614 autem
1386 1581 1524 1623 Tegyrio
1535 1581 1672 1614 insidias
1679 1580 1838 1613 struxisse
1849 1580 1995 1613 detectus
2005 1579 2047 1612 ad
2056 1579 2150 1612 Eleu-

1117 1648 1219 1681 sinios
1230 1648 1312 1689 sugit
1321 1655 1499 1689 eorumque
1514 1646 1690 1679 amicitiam
1703 1645 1765 1679 sibi
1777 1645 1973 1678 conciliavit.
1989 1649 2004 1668 θ
2013 1644 2149 1684 Deinde,

1118 1717 1242 1747 Ismaro
1255 1714 1421 1754 defuncto,
1441 1723 1460 1746 a
1474 1713 1613 1755 Tegyrio
1625 1713 1798 1745 revocatus
1814 1712 1846 1744 in
1863 1712 2037 1744 Thraciam
2053 1710 2151 1743 rediit

1118 1782 1172 1819 et,
1187 1779 1294 1812 soluta
1317 1779 1402 1812 inter
1414 1787 1470 1811 eos
1489 1777 1662 1817 discordia,
1681 1777 1715 1809 in
1734 1785 1831 1818 regno
1847 1776 1876 1809 ei
1892 1776 2059 1808 successit.
2079 1780 2091 1799 ⁷
2105 1779 2150 1808 Ac

1119 1844 1259 1877 conflato
1271 1844 1355 1876 inter
1366 1843 1578 1876 Athenienses
1593 1844 1626 1875 et
1638 1841 1824 1874 Eleusinios
1837 1841 1935 1881 bello,
1952 1841 2097 1874 adscitus
2111 1841 2152 1873 ab

1120 1909 1294 1943 Eleusiniis
1313 1918 1431 1950 magno
1453 1917 1528 1941 cum
1550 1907 1695 1941 exercitu
1718 1908 1882 1940 Thracum
1906 1907 1995 1940 venit
2017 1906 2149 1939 auxilio,

1121 1979 1133 1997 ⁸
1146 1976 1271 2006 Verum
1287 1972 1467 2005 Erechtheo
1483 1971 1524 2004 de
1548 1970 1795 2004 Atheniensium
1815 1970 1954 2003 victoria
1971 1969 2151 2002 sciscitanti

1120 2039 1202 2072 deus
1218 2037 1399 2079 respondit,
1418 2037 1503 2069 felici
1521 2045 1674 2070 successu
1697 2035 1820 2069 bellum
1835 2037 2015 2077 gesturum,
2033 2035 2060 2067 si
2076 2035 2152 2066 filia-

1122 2114 1194 2137 rum
1212 2113 1311 2137 unam
1340 2102 1541 2136 mactaverit.
1571 2107 1586 2127 ⁹
1608 2104 1721 2143 Itaque
1747 2110 1850 2143 quum
1880 2103 1959 2134 natu
1983 2100 2153 2133 minimam

1122 2168 1322 2200 immolasset
1333 2190 1343 2207 ,
1355 2166 1452 2199 etiam
1464 2166 1598 2207 reliquae
1608 2174 1679 2198 sese
1686 2165 1877 2207 jugularunt
1888 2175 1895 2197 ε
1907 2165 2154 2206 conjuraverant

1122 2235 1222 2274 enim,
1233 2235 1319 2266 sicut
1332 2232 1479 2265 nonnulli
1492 2231 1658 2264 memoriae
1678 2231 1904 2273 prodiderunt,
1919 2233 1956 2262 ut
1966 2239 2079 2263 omnes
2090 2239 2154 2262 una

1122 2302 1274 2343 periturae
1295 2302 1414 2334 essent.
1446 2305 1472 2324 ¹⁰
1487 2301 1672 2334 Commissa
1699 2309 1778 2333 vero
1798 2301 1873 2342 post
1897 2298 2151 2331 immolationem

1123 2377 1230 2409 pugna
1243 2391 1252 2408 ,
1277 2368 1477 2401 Erechtheus
1491 2367 1688 2408 Eumolpum
1708 2365 1882 2398 interemit.

1166 2471 1211 2513 (ὁ)
1235 2471 1295 2504 Sed
1321 2473 1495 2514 postquam
1525 2471 1666 2512 Neptuni
1694 2470 1741 2502 ira
1756 2473 1788 2502 et
1807 2471 1875 2511 ipse
1900 2469 2098 2502 Erechtheus
2120 2469 2152 2499 et

1124 2532 1241 2564 domus
1253 2532 1324 2573 ejus
1340 2531 1540 2571 interierant,
1559 2533 1701 2571 Cecrops
1716 2528 1886 2562 Erechthei
1910 2528 2050 2559 filiorum
2073 2529 2152 2558 natu

1124 2591 1287 2623 maximus
1311 2591 1344 2622 in
1369 2599 1467 2631 regno
1494 2590 1660 2630 successit,
1681 2593 1695 2612 2
1711 2589 1766 2630 qui
1779 2588 1877 2620 ducta
1895 2585 2074 2619 Metiadusa
2090 2587 2153 2616 En-

1124 2650 1251 2691 palamo
1264 2653 1339 2682 nata
1350 2649 1531 2691 procreavit
1544 2649 1756 2681 Pandionem.

1166 2716 1181 2735 ³
1192 2711 1253 2743 Hic
1262 2711 1336 2752 post
1346 2712 1523 2750 Cecropem
1534 2717 1671 2750 regnans
1681 2716 1699 2739 a
1711 2706 1858 2739 Metionis
1871 2704 1946 2736 filiis
1963 2713 2018 2745 per
2028 2703 2154 2736 seditio-

1125 2791 1200 2815 nem
1244 2781 1400 2823 expulsus
1425 2783 1486 2812 est.
1513 2778 1669 2819 Confugit
1684 2779 1812 2817 Megara
1830 2775 1868 2807 ad
1898 2774 2008 2815 Pylam
2025 2797 2034 2813 ‚
2059 2775 2154 2815 cujus

1126 2853 1224 2885 filiam
1233 2852 1355 2885 Peliam
1365 2851 1459 2883 duxit
1468 2858 1615 2888 uxorem,
1625 2853 1640 2873 ⁴
1649 2851 1745 2888 atque
1754 2845 1870 2878 deinde
1880 2845 1983 2887 ipsius
1994 2845 2084 2877 urbis
2099 2854 2153 2877 rex

1125 2924 1323 2956 constitutus
1338 2923 1398 2954 est.
1416 2921 1512 2961 Pylas
1525 2918 1610 2951 enim
1627 2926 1728 2958 quum
1741 2917 1888 2949 Biantem
1901 2917 2054 2957 patruum
2071 2916 2154 2948 occi-

1126 2994 1240 3032 disset,
1255 2990 1414 3024 Pandioni
1431 2997 1564 3029 regnum
1580 2986 1732 3025 tradidit,
1749 2985 1818 3026 ipse
1834 2993 1912 3018 vero
1924 3008 1933 3025 ,
1951 2984 2100 3018 traducto
2119 2984 2153 3018 in

1126 3065 1382 3105 Peloponnesum
1402 3059 1531 3100 populo,
1548 3056 1663 3097 Pylum
1681 3055 1794 3088 urbem
1808 3055 1964 3088 condidit.

1167 3185 1181 3203 5
1192 3176 1349 3210 Pandioni
1363 3174 1498 3214 Megaris
1507 3172 1651 3213 regnanti
1660 3170 1716 3203 filii
1726 3171 1793 3203 nati
1806 3172 1883 3203 sunt
1891 3171 2022 3210 AEgeus‚
2035 3168 2152 3209 Pallas,

1126 3238 1222 3270 Nisus
1233 3259 1242 3275 ,
1258 3237 1375 3275 Lycus.
1389 3230 1542 3265 Nonnulli
1561 3232 1670 3263 autem
1696 3231 1830 3270 AEgeum
1845 3228 1946 3269 Scyrii
1964 3227 2066 3259 filiuni
2084 3236 2152 3260 esse

50 3283 122 3338 ρίου
139 3277 228 3323 εἶναι
241 3284 401 3336 λέγουσιν
412 3317 422 3335 ,
448 3287 691 3335 ὃποὸληθῆναι
720 3287 757 3326 δὲ
773 3287 841 3327 ὑπὸ
865 3288 1070 3332 Πανδίονος.
1126 3296 1250 3334 dicunt,
1263 3302 1358 3334 quem
1375 3291 1521 3324 Pandion
1534 3289 1596 3322 sibi
1612 3287 1829 3331 supposuerit.
1849 3287 1894 3328 (6)
1912 3289 1991 3320 Post
2015 3289 2153 3319 mortem

0 3387 2 3398 ‚
51 3341 107 3394 (6)
127 3343 227 3382 Μετὰ
247 3342 282 3381 δὲ
300 3342 363 3391 τὴν
380 3345 572 3390 Πανδίονος
592 3346 756 3395 τελευτὴν
777 3349 808 3385 Οἳ
828 3347 949 3390 παῖδες
966 3349 1070 3384 αὐτοῦ
1127 3353 1302 3388 Pandionis
1322 3351 1378 3384 filii
1395 3351 1464 3391 ejus
1478 3351 1590 3382 contra
1609 3349 1751 3381 Athenas
1766 3355 1842 3379 cum
1856 3346 1998 3379 exercitu
2018 3344 2153 3386 profecti

174 3421 369 3452 FRAGMENTA
391 3422 639 3453 llls'roniconun.

2011 3410 2050 3441 12
