2320 3684
134 175 207 206 578

134 251 253 287 riores
291 254 440 288 easdem
474 248 746 300 proportiones
791 248 1051 297 retinuerunt,
1082 248 1154 286 sed

133 310 299 360 Lycurgi
329 317 475 347 aetatem
503 320 550 344 ex
574 306 834 344 Eratosthenis
863 314 900 344 et
926 307 1155 357 Apollodori

131 366 486 418 computationibus
518 373 746 401 sumserunt.
780 369 957 402 Ceterum
991 366 1039 403 de
1069 369 1153 404 Ho-

131 428 223 462 meri
248 434 356 463 aetate
392 425 440 461 cf.
472 423 707 472 Thucyd.1,
745 423 781 470 3,
813 423 956 473 Ephor.
995 423 1038 460 fr.
1068 425 1154 470 164,

130 486 370 533 Theopomp.
399 484 443 519 fr.
483 495 553 518 221
599 481 638 528 b,
677 481 895 519 Philochor.
932 482 977 518 fr.
1017 482 1154 528 52-54,

130 543 352 594 Apollodor.
370 542 414 579 sr.
428 546 489 588 74,
502 549 538 578 et
553 541 591 577 in
604 540 826 578 universum
843 554 939 590 quos
955 542 1155 580 Boeckhius

128 602 256 639 laudat
272 616 279 637 :
294 601 361 638 Lil.
391 599 601 649 Gyraldum
620 603 678 637 De
699 599 823 650 poetis
842 599 980 651 dialog.
1000 603 1058 648 ΙΙ,
1077 604 1154 638 Jos.

129 661 304 709 Scaliger.
324 660 363 696 in
381 672 448 696 sna
468 660 653 709 συναγωγῇ
674 671 711 708 p.
733 659 821 705 377,
834 660 988 696 Kiister.
1009 660 1152 697 Histor.

127 720 209 756 erit.
229 722 382 756 Homer.
401 720 432 763 Ι,
446 730 480 753 2.
491 716 707 754 Addeinter
723 717 957 755 recentiores
965 717 1153 756 Ulricium

129 777 271 814 Histor.
300 789 405 826 poes.
430 777 495 814 Gr.
515 783 605 812 tom.
625 778 665 822 Ι,
685 787 723 825 p.
741 787 818 820 270
831 789 885 825 sq.

425 865 563 913 Epoclz.
581 863 640 900 30.
658 876 714 900 vs.
735 862 871 909 45-47.

182 948 354 1001 Φ[εί]δων
378 949 534 999 supplet
548 948 699 986 Selden.
719 951 763 985 In
798 948 1046 998 sequentibus
1062 950 1150 986 Pal-

126 1021 240 1045 mer.:
268 1006 338 1045 Καὶ
363 1006 490 1060 μέτρα]
517 1005 695 1044 ἐσκεύασε.
725 1006 844 1044 Prid.:
860 1007 1151 1058 ἐδημ[οσί]ευσ[εν

125 1068 158 1103 ἐν
172 1065 307 1118 Ἄργει,
329 1064 389 1104 καὶ
405 1065 514 1120 μέτρα
539 1063 599 1103 καὶ
615 1062 770 1116 σταθμὰ]
796 1064 972 1103 ἐσκεύασε.
1000 1066 1153 1104 Chand-

125 1126 193 1163 ler.
218 1139 227 1162 t
256 1123 448 1179 ἔδημεύ[θη
483 1123 544 1162 καὶ
577 1123 687 1178 μέτρα
708 1123 769 1162 καὶ
797 1123 950 1175 σταθμὰ]
970 1125 1148 1166 ἐσκεύασε.

125 1184 168 1223 111
202 1186 248 1222 iis
286 1198 369 1235 quae
404 1183 610 1222 Boeckhius
645 1183 751 1221 dedit
791 1197 864 1234 pro
898 1185 1013 1230 ΝΕΥ,
1047 1185 1152 1235 quod

124 1243 276 1281 Seldeni
294 1242 558 1293 apographum
579 1241 705 1290 habet,
728 1243 939 1292 repositum
957 1251 1012 1279 est
1029 1243 1150 1282 MET.

127 1305 199 1339 Pro
226 1299 436 1339 ἀνεσκεύασε
478 1300 680 1338 Boeckhius
728 1300 896 1351 primum
934 1300 1150 1351 conjecerat

125 1359 359 1411 μετεσκεύασε
374 1358 425 1411 (v.
447 1362 492 1397 O.
511 1359 663 1396 Mulleri
678 1359 842 1409 AEginet.
858 1372 897 1409 p.
919 1360 1151 1412 191).’Φερε-

124 1418 258 1469 κλέ]ους
292 1419 373 1469 jam
407 1418 556 1456 Selden.
587 1418 773 1465 restituit;
793 1417 992 1455 Prideaux.
1029 1419 1151 1458 voluit

124 1477 326 1528 Διογνήτου.

180 1539 235 1573 De
260 1549 298 1572 re
321 1549 352 1572 v.
380 1534 518 1572 Strabo
538 1538 655 1581 VIII,
676 1547 713 1584 p.
735 1534 832 1584 549,
855 1537 907 1583 Β,
930 1544 967 1572 et
995 1537 1090 1584 577,
1107 1540 1148 1575 B.

123 1595 218 1634 I‘lin.
236 1597 281 1632 H.
300 1595 347 1632 N.
363 1597 452 1640 VII,
476 1595 538 1640 57,
557 1593 747 1630 Plutarch.
770 1597 920 1632 Narrat.
938 1603 1096 1633 amator.
1113 1609 1149 1643 2,

124 1659 282 1690 Pausan.
317 1656 390 1699 Vl,
426 1665 495 1698 22,
530 1665 566 1699 2,
599 1652 736 1689 Isidor.
772 1653 903 1702 Origg.
936 1657 1050 1701 XVI,
1086 1661 1149 1701 24,

125 1712 289 1762 Etymol,
307 1714 358 1748 M.
377 1724 414 1761 p.
438 1711 527 1757 388,
552 1711 691 1748 Pollux
710 1714 908 1749 Onomast.
929 1714 1008 1759 IX,
1033 1713 1056 1749 6
1072 1727 1082 1759 ;
1101 1714 1148 1750 cf.

126 1771 298 1808 l'erizon.
315 1769 363 1806 ad
376 1769 500 1815 AELV.
517 1773 562 1807 H.
573 1773 662 1816 XII,
685 1783 746 1815 ¹03
762 1772 808 1807 Ο.
824 1771 1149 1822 Miiller.AEginet.

127 1845 161 1880 p.
179 1831 317 1876 51-63‚
337 1833 429 1867 Dor.
450 1833 482 1878 Ι,
504 1843 540 1880 p.
570 1829 639 1867 155
660 1843 758 1880 sqq„
775 1831 956 1869 Larcher.
973 1833 1091 1870 Me‘m.
1106 1834 1152 1868 de

128 1891 275 1927 I’Acad.
295 1891 359 1925 (les
378 1893 412 1927 I.
430 1897 520 1926 tom.
539 1892 685 1935 XLVI,
702 1903 738 1939 p.
767 1890 903 1936 27-50.

179 1952 320 1986 Noster
336 1948 547 1985 Phidonem
559 1947 805 1985 undecimum
816 1948 864 1986 ab
874 1950 1036 1987 Hercule
1045 1949 1149 1988 dicit.

127 2010 183 2045 Ex
213 2007 347 2044 eodem
371 2015 555 2057 computo
582 2008 773 2054 Caranus,
803 2007 985 2045 Phidonis
1016 2009 1150 2057 frater,

128 2065 349 2102 undecimus
377 2065 425 2102 ab
451 2066 614 2102 Hercule
639 2073 697 2103 est
714 2066 904 2103 *Africano
929 2080 990 2117 ap.
1013 2067 1149 2106 Euseb.

127 2125 270 2161 Chi-on.
299 2127 365 2160 Gr.
383 2137 420 2174 p.
442 2124 503 2168 45.
523 2127 668 2161 Verum
687 2124 862 2175 Ephorus
877 2125 936 2176 (fr.
960 2125 1025 2175 60)
1044 2126 1150 2164 Phi-.

129 2183 266 2220 donem
299 2182 545 2219 undecimum
577 2183 666 2220 facit
697 2195 719 2220 a
747 2185 936 2229 Temen03
955 2184 1084 2234 itaque
1102 2184 1151 2222 ab

129 2241 290 2278 Hercule
319 2240 441 2278 Phido
470 2249 566 2278 esset
597 2241 770 2278 decimus
804 2250 972 2292 quartus.
1008 2243 1151 2280 Velleio

128 2300 294 2350 denique
326 2302 496 2337 Caranus
537 2299 585 2337 ab
624 2300 786 2338 Hercule
821 2300 991 2339 decimus
1023 2311 1152 2340 sextus

130 2359 281 2396 dicitur.

184 2421 224 2455 In
249 2418 337 2454 anni
364 2430 525 2455 numero
550 2432 570 2454 a
601 2419 701 2455 veris
731 2419 886 2455 calculis
906 2420 1018 2470 longe
1044 2420 1152 2458 abest

130 2477 286 2523 Parius;
320 2477 409 2514 satis
437 2475 573 2513 habuit
603 2477 811 2514 rotundum
845 2491 1047 2516 numerum
1080 2492 1153 2529 pro

129 2536 365 2574 accuratiore
384 2535 567 2585 posuisse.
593 2538 690 2573 Nam
711 2549 829 2585 quum
839 2536 992 2585 Trojam
1004 2546 1153 2588 captam

132 2602 250 2645 ponat
273 2608 304 2631 a.
326 2594 426 2643 945,
454 2593 668 2632 Phidonem
691 2607 782 2631 vero
802 2608 822 2631 a
852 2595 928 2632 630
953 2595 1013 2646 (ex
1044 2609 1150 2633 com-

134 2662 227 2704 puto
260 2652 303 2703 B)
322 2680 332 2699 ‚
380 2651 486 2689 vides
518 2652 730 2690 Phidonem
782 2653 875 2703 poni
910 2652 1031 2695 5><63
1067 2662 1155 2704 post

133 2710 287 2761 Trojam
302 2738 311 2755 ,
332 2719 370 2748 et
393 2710 539 2752 10><63
570 2719 657 2749 ante
676 2711 920 2762 Diognetum.
941 2714 1042 2749 Vera
1059 2712 1154 2750 Phi-

134 2770 247 2807 donis
273 2777 384 2816 aetas,
415 2778 456 2806 ut
478 2771 520 2807 Ο.
548 2770 736 2807 Miillerus
759 2770 782 2808 l.
807 2771 830 2808 l.
860 2770 1154 2818 demonstravit,

136 2828 314 2878 ponenda
337 2836 394 2866 est
413 2827 461 2865 ab
483 2829 640 2879 Olymp.
662 2830 683 2865 3
703 2841 825 2879 usque
846 2828 893 2866 ad
914 2830 972 2868 Ol.
995 2842 1052 2867 11.
1077 2832 1157 2867 Eu-

137 2887 263 2924 sebius
286 2887 497 2925 Phidonem
519 2896 704 2925 memorat
726 2887 774 2925 ad
800 2900 944 2925 annum
969 2888 1017 2924 216
1051 2887 1155 2924 The-

136 2946 252 2996 spiei,
285 2952 331 2988 24
366 2946 474 2984 annis
507 2954 595 2984 aute
621 2947 771 2997 Olymp.
799 2960 835 2993 1,
860 2947 921 2984 vel
946 2946 1156 2984 secundum

138 3007 316 3054 Excerpt.
332 3004 487 3042 Barbar.
506 3010 555 3049 40
573 3006 680 3043 annis
695 3014 782 3043 ante
798 3005 949 3056 Olymp.
971 3018 1009 3052 13
1028 3006 1158 3055 itaque

138 3062 167 3098 si
191 3061 373 3103 Phidonis
407 3065 556 3112 tyranni
576 3064 729 3102 initium
761 3065 941 3114 ponimus
964 3064 1025 3102 Ol.
1057 3065 1095 3114 3,
1111 3068 1157 3110 4,

138 3118 293 3157 Eusebii
316 3130 450 3157 auctor
470 3135 546 3158 uno
569 3123 676 3172 cyclo
696 3136 716 3159 a
738 3136 831 3160 vero
855 3136 1020 3160 numero
1049 3121 1159 3159 aber-

139 3185 268 3215 rasset.

421 3272 558 3319 Epoclz.
582 3273 642 3309 31.
664 3286 720 3310 vs.
740 3275 877 3321 47⁴⁸ss-

195 3352 274 3404 [Εἷς
297 3351 371 3403 τὰς]
389 3356 499 3405 spatii
520 3357 696 3406 explendi
716 3371 827 3396 causa
846 3358 991 3395 addidit
1010 3358 1159 3396 Boeckh.

1043 166 1344 206 ΑΝΝΟΤΑΤΙΟ

1230 253 1232 255 ’
1271 248 1385 296 Quod
1405 249 1560 286 Archias
1585 249 1724 288 dicitur
1743 251 1912 288 decimus
1935 265 1956 290 a
1975 253 2165 305 Temeno,
2190 258 2230 296 id

1215 318 1292 342 non
1324 305 1373 343 ad
1414 307 1677 357 cognationem
1708 308 1947 347 referendum
1978 311 2142 362 videtur,
2163 316 2229 354 sed

1215 377 1319 402 mere
1345 364 1394 402 ad
1426 366 1752 416 computationem
1783 367 2101 420 chronologicam.
2131 375 2230 412 Nam

1215 422 1263 460 ad
1282 423 1580 461 Bacchiadarum
1597 425 1776 462 familiam
1795 427 2022 476 pertinuisse
2036 430 2228 480 Archiam,

1216 480 1419 530 probabile
1445 490 1502 519 est
1523 491 1750 533 propterea,
1773 483 1878 534 quod
1905 497 1990 536 quae
2015 486 2064 524 de
2088 490 2229 528 Archia

1215 538 1319 588 apud
1354 539 1547 578 Plutarch.
1573 542 1725 578 Narrat.
1751 549 1911 579 amator.
1941 556 1963 580 2
2002 552 2040 582 et
2068 546 2228 586 Diodor.

1215 598 1305 636 Exc.
1338 601 1396 635 De
1427 598 1569 636 Virtut.
1598 613 1638 650 p.
1675 599 1749 645 548
1786 609 2012 649 narrantur,
2043 604 2176 642 eadem
2207 619 2229 643 a

1213 656 1598 706 Scholiast.Apollon.
1612 657 1685 696 Rh.
1698 662 1762 705 IV,
1778 672 1790 696 1
1801 671 1891 709 212,
1913 661 2012 697 1216
2027 661 2231 701 traduntur

1214 714 1262 752 de
1278 715 1502 753 Bacchiadis
1519 724 1557 753 et
1576 716 1821 755 Chersicrate.
1839 720 1884 755 V.
1907 720 2060 759 Boeckh.
2079 722 2229 774 Explic.

1213 774 1320 812 Pind.
1340 775 1399 812 Ol.
1419 777 1485 820 VI,
1506 787 1543 825 p.
1569 775 1653 823 153,
1669 777 1711 813 Ο.
1732 776 1886 814 Miiller.
1906 780 1999 815 Dor.
2016 781 2056 826 Ι,
2079 792 2117 830 p.
2141 794 2156 817 1
2169 781 2228 828 15,

1213 835 1273 870 W.
1297 833 1450 870 Miiller.
1476 836 1534 871 De
1559 834 1847 884 Corcyraeorum
1865 836 2076 887 Republica
2094 847 2134 889 p.
2168 841 2227 878 13.

1214 893 1485 943 (Chersicrates
1523 893 1683 931 fortasse
1711 894 1815 932 idem
1843 895 1915 933 suit
1945 896 2013 947 qui
2041 896 2228 946 Archias3

1213 952 1386 989 similiter
1410 951 1562 1002 juvenis
1593 953 1657 990 ille
1677 952 1726 990 ab
1754 954 1921 992 Hercule
1951 956 2101 994 occisus
2123 959 2229 1009 apud

1187 1015 1192 1019 ’
1214 1010 1378 1048 eundem
1406 1011 1646 1049 Hellanicum
1667 1011 1728 1062 (fr.
1747 1011 1785 1063 3)
1811 1021 1849 1050 et
1885 1015 2046 1053 Archias
2066 1016 2173 1055 audit
2190 1026 2228 1055 et

1212 1068 1408 1120 Cheirias).

1264 1129 1460 1175 Syracusae
1470 1127 1510 1164 in
1525 1129 1615 1165 Can.
1627 1126 1782 1166 Eusebii
1800 1129 1964 1168 conditae
1974 1130 2087 1170 dicun
2093 1139 2156 1171 tur
2165 1133 2227 1173 Ol.

1216 1199 1273 1232 11,
1297 1191 1318 1230 4
1334 1187 1414 1222 sive
1435 1187 1508 1233 733
1528 1199 1560 1224 a.
1577 1187 1666 1225 Chr.
1689 1187 1797 1224 Idem
1821 1190 1954 1227 statuit
1980 1191 2166 1241 Timaeus,
2185 1202 2230 1232 ut

1210 1258 1254 1282 ex
1279 1245 1406 1295 Trojae
1428 1246 1576 1295 epocha
1603 1253 1706 1283 recte
1733 1247 1940 1286 constituta
1971 1259 2132 1301 apparet
2166 1251 2226 1303 (cf.

1210 1303 1299 1340 Vita
1339 1303 1508 1354 Timaei).
1558 1304 1693 1355 Neque
1742 1303 1902 1343 dubium
1945 1315 2004 1344 est
2069 1309 2226 1361 Thucy-

1210 1361 1338 1399 didem
1363 1375 1520 1412 quoque
1539 1362 1629 1414 (Vl,
1655 1363 1692 1414 4)
1709 1362 1758 1400 ab
1774 1364 1928 1403 Eusebii
1947 1379 2128 1417 numem,
2153 1384 2228 1408 uno

1212 1428 1358 1458 tantum
1390 1421 1451 1457 vel
1487 1420 1638 1459 duobus
1669 1422 1778 1459 annis
1811 1422 1955 1462 abesse.
1986 1428 2033 1463 V.
2064 1426 2228 1466 Clinton.

1210 1481 1248 1516 F.
1271 1482 1318 1517 H.
1332 1492 1370 1529 p.
1405 1479 1481 1525 278
1496 1480 1559 1517 ed.
1579 1481 1722 1531 Kriig.;
1737 1481 1889 1518 Boeckh.
1911 1483 2101 1534 Explicat.
2117 1485 2227 1524 Pind.

1210 1551 1245 1588 p.
1266 1551 1280 1574 1
1293 1538 1352 1586 15,
1369 1540 1409 1576 C.
1425 1540 1634 1576 Hermann.
1649 1538 1874 1589 Antiquitat.
1890 1543 1954 1579 Gr.
1968 1542 2062 1591 §84.
2077 1544 2229 1582 Miilleri

1209 1597 1314 1647 (Dor.
1337 1599 1376 1642 1,
1396 1609 1433 1646 p.
1464 1610 1562 1646 122,
1592 1599 1648 1644 ΙΙ,
1681 1610 1716 1647 p.
1748 1597 1822 1644 487
1852 1607 1890 1636 et
1921 1599 2012 1651 504)
2042 1603 2230 1641 sententia

1208 1657 1459 1706 impugnatur
1478 1656 1563 1694 loco
1576 1657 1742 1706 Polyaeni
1768 1657 1827 1709 (V,
1847 1659 1881 1706 5,
1907 1673 1940 1707 1,
1961 1660 2012 1711 2),
2033 1674 2147 1712 quem
2171 1671 2231 1700 at·-

1211 1718 1296 1754 tulit
1321 1717 1484 1755 Clinton.
1507 1717 1530 1755 l.
1552 1718 1576 1754 l.

1262 1777 1386 1813 Aliam
1433 1775 1759 1826 computationem
1813 1779 1984 1828 sequitur
2032 1780 2228 1819 Diodorus

1210 1835 1339 1885 (XIII,
1367 1835 1448 1887 59).
1498 1839 1534 1872 Is
1557 1836 1714 1885 Megara
1749 1836 1903 1874 condita
1929 1837 2023 1876 dicit
2051 1839 2111 1876 Ol.
2136 1854 2170 1886 7,
2191 1853 2228 1888 2,

1212 1893 1283 1940 751
1310 1907 1343 1931 a.
1357 1894 1445 1934 Chr.
1468 1898 1550 1931 Jam
1569 1906 1687 1942 quum
1714 1893 1777 1931 alii
1799 1897 2008 1944 Syracusas
2031 1909 2110 1934 uno
2127 1910 2228 1935 anno

1209 1960 1298 2002 post
1316 1955 1471 2003 Megara
1495 1959 1533 1989 et
1559 1954 1712 1990 Naxum
1737 1953 1911 1990 conditas
1930 1967 2013 1991 esse
2035 1963 2203 1993 statuant
2217 1985 2236 2004 „

1210 2010 1272 2047 alii
1300 2010 1400 2047 inter
1430 2014 1676 2060 Megarorum
1704 2017 1742 2047 et
1763 2013 2035 2061 Syracusarum
2061 2014 2228 2064 origines

1210 2068 1381 2118 quinque
1402 2069 1459 2106 vel
1484 2082 1550 2105 sex
1578 2081 1696 2105 annos
1717 2078 1881 2119 ponant,
1902 2071 2110 2108 secundum
2132 2074 2227 2110 Dio-

1173 2162 1176 2168 ,
1210 2127 1347 2163 dorum
1368 2129 1561 2177 Syracusae
1581 2126 1754 2164 deductae
1772 2137 1860 2165 sunt
1880 2137 1947 2166 aut
1963 2130 2023 2167 Ol.
2043 2130 2081 2178 6,
2101 2133 2136 2177 33
2152 2131 2228 2179 750

1181 2179 1185 2187 ¹
1211 2193 1299 2221 unte
1317 2185 1418 2230 Chr.,
1435 2193 1502 2221 aut
1522 2184 1581 2222 Ol.
1599 2184 1663 2232 61,
1682 2183 1719 2237 {3
1741 2185 1918 2234 756-757
1939 2199 1972 2224 a.
1997 2189 2040 2227 C.

1264 2243 1478 2280 Antiochus
1497 2241 1651 2294 (Strabo
1674 2246 1743 2290 VI,
1769 2256 1805 2293 p.
1829 2245 1918 2291 262,
1942 2244 1994 2296 D)
2023 2248 2228 2296 Syracusas

1211 2301 1346 2339 eodem
1365 2301 1442 2339 fere
1465 2309 1637 2351 tempore
1656 2301 1832 2340 conditas
1849 2304 2020 2340 narravit
2039 2317 2117 2354 quo
2135 2309 2228 2343 Cro-

1213 2369 1277 2398 ton
1292 2390 1302 2408 ,
1323 2361 1345 2397 i.
1367 2374 1398 2398 e.
1429 2360 1556 2410 paullo
1581 2369 1680 2410 post.
1704 2361 1901 2399 Nescimus
1922 2370 2049 2399 autem
2075 2364 2227 2402 cuinam

1213 2432 1315 2457 anno
1343 2419 1557 2456 Antiochus
1580 2420 1756 2457 Crotonis
1787 2421 1951 2470 origines
1981 2422 2229 2472 assignaverit

1212 2478 1392 2530 (Timaeus
1410 2491 1490 2514 rem
1513 2478 1622 2527 ponit
1642 2491 1716 2525 710
1746 2491 1778 2515 a.
1798 2478 1927 2526 Chr.)‚
1960 2492 2079 2529 quare
2099 2493 2147 2518 ex
2171 2481 2229 2519 his

1213 2536 1353 2574 certius
1374 2536 1519 2586 aliquid
1535 2535 1618 2572 erui
1636 2536 1779 2585 nequit.

1266 2599 1349 2632 Jam
1371 2603 1412 2631 ut
1429 2595 1476 2631 ad
1499 2595 1700 2631 Marmoris
1720 2608 1860 2633 annum
1889 2597 2122 2645 accedamus,
2150 2598 2230 2637 Sel-

1214 2654 1300 2691 den.
1335 2661 1373 2690 et
1396 2653 1548 2691 Boeckh.
1575 2653 1762 2690 dederunt
1785 2654 1937 2705 Olymp.
1968 2655 2002 2701 5,
2033 2662 2053 2699 4
2076 2671 2126 2691 =
2154 2657 2227 2703 457

1214 2722 1302 2751 ante
1323 2713 1426 2756 Chr.,
1443 2713 1664 2750 Dodwellus
1686 2721 1723 2750 et
1738 2713 1938 2751 Prideaux.
1963 2715 2113 2765 Olymp.
2139 2716 2174 2762 5,
2195 2717 2230 2761 3,

1216 2772 1405 2810 Marsham
1439 2772 1499 2808 Ol.
1523 2783 1559 2817 2,
1582 2777 1603 2815 4
1628 2771 1694 2822 (cf.
1712 2771 1864 2808 Goeller.
1884 2774 1943 2809 De
1962 2773 2037 2810 situ
2057 2775 2230 2823 Syracus.

1215 2844 1252 2882 p.
1270 2831 1292 2866 6
1313 2829 1385 2880 sq.)
1407 2850 1457 2857 —
1477 2829 1645 2866 Boeckhii
1675 2842 1858 2867 numerus
1889 2830 2006 2880 igitur
2032 2832 2231 2870 conciliari

1218 2897 1343 2939 potest
1376 2900 1461 2924 cum
1493 2886 1622 2923 alteris
1652 2887 1806 2924 calculis
1838 2888 2012 2926 Diodori.
2044 2893 2230 2928 Praeterea

1218 2946 1405 2986 Eusebius
1438 2945 1588 2995 Olymp.
1630 2959 1663 2992 1,
1694 2959 1709 2981 1
1734 2947 1932 2995 componit
1950 2961 2037 2984 cum
2059 2948 2231 2998 AEschyli
2269 2996 2273 3000 .

1219 3019 1320 3044 anno
1352 3003 1543 3050 secundo;
1573 3003 1703 3053 itaque
1730 3003 1896 3053 ejusdem
1916 3018 2038 3043 annus
2061 3019 2103 3043 21
2118 3035 2130 3055 ,
2153 3019 2232 3057 quo

1218 3068 1412 3115 Syracusae
1441 3076 1462 3099 a
1504 3065 1696 3099 Marmore
1736 3062 1899 3099 conditae
1937 3063 2140 3112 dicuntur,
2175 3074 2233 3103 est

1218 3124 1280 3162 Ol.
1298 3122 1334 3170 5,
1352 3128 1386 3166 4.
1403 3123 1528 3171 Atque
1558 3121 1632 3157 hoc
1660 3119 1814 3158 Eusebii
1837 3131 2020 3172 computo
2036 3123 2232 3162 Boeckhius

1220 3181 1356 3219 nititur
1381 3193 1458 3217 11011
1476 3180 1600 3217 50111111
1624 3180 1663 3216 in
1682 3180 1941 3229 computando
1959 3183 2230 3230 Syracusarum

1223 3254 1343 3288 anno,
1364 3240 1429 3277 sed
1454 3240 1567 3276 etiam
1584 3238 1624 3275 in
1640 3238 1914 3276 constituendis
1934 3239 2121 3287 numeris,
2134 3253 2231 3290 quos

1222 3300 1261 3337 in
1295 3299 1528 3349 reliquorum
1562 3297 1786 3334 archontum
1814 3305 2090 3348 perpetuorum
2109 3298 2233 3348 reguis

1224 3361 1393 3396 Marmor
1418 3365 1587 3395 secutum
1621 3356 1678 3394 sit.
1709 3359 1853 3395 Verum
1885 3355 2051 3394 dubitari
2080 3364 2234 3407 potest,
