2320 3684
873 142 1040 181 TtMAEl
1069 143 1400 183 FRAGMENTA.

83 229 223 272 δικαίως
255 227 357 268 αὐτὸν
378 228 445 268 ὑπὸ
461 231 522 267 τοῦ
546 227 724 279 δαιμονίου
742 227 943 282 τετευχέναι
975 227 1106 267 τούτων

81 282 130 327 ὧν
148 287 283 341 ἔτυχεν.
550 339 623 377 143

135 394 266 444 Polyb.
277 397 372 441 XII,
391 394 461 430 23:
480 390 583 431 Κατὰ
601 395 661 430 τοῦ
679 390 830 445 Ἐφόρου
843 392 994 443 Τίμαιος
1009 390 1108 429 πλεί-

81 468 168 500 στην
187 452 375 500 πεποίηται
394 449 633 504 καταδρομὴν,
666 450 768 495 αὐτὸς
790 449 838 489 ὢν
864 450 959 489 δυσὶν
989 450 1107 504 ἁμαρ-

81 509 234 561 τήμασιν
284 508 419 561 ἔνοχος·
473 511 523 562 τῷ
567 509 644 560 μὲν,
677 507 731 547 ὅτι
760 511 892 562 πικρῶς
919 514 1107 562 κατηγορεῖ

82 570 152 607 τῶν
170 567 279 612 πέλας
298 567 355 606 ἐπὶ
374 566 530 616 τούτοις,
551 562 601 611 οἷς
620 566 738 620 ἔνοχος
758 566 858 612 αὐτός
869 569 961 606 ἐστι·
979 570 1030 621 τῷ
1050 566 1106 616 δὲ,

81 625 167 665 διότι
187 625 334 665 καθόλου
349 625 552 680 διέφθαρται
570 629 613 679 τῇ
639 629 755 680 ψυχῇ,
779 625 941 670 τοιαύτας
965 625 1107 679 ἀποφά-

79 701 150 729 σεις
168 684 383 737 ἐκτιθέμενος
410 686 445 723 ἐν
465 690 535 729 τοῖς
559 684 822 736 ὑπομνήμασιν,
855 685 915 724 καὶ
946 684 1107 728 τοιαύτας

79 744 243 782 ἐντίκτων
295 742 393 789 δόξας
424 749 495 788 τοῖς
535 743 797 798 ἐντυγχάνουσι.
845 742 947 791 Πλὴν
983 746 1011 783 εἰ
1048 743 1106 782 τὸν

80 802 323 851 Καλλισθένην
348 801 462 841 θετέον
492 801 633 846 εἰκότως
657 801 874 842 κολασθέντα
892 802 1108 855 μεταλλάξαι

78 862 136 901 τὸν
162 862 249 914 βίον,
267 861 302 900 τί
318 860 387 916 χρὴ
406 862 557 914 πάσχειν
573 861 750 913 Τίμαιον;
772 860 861 900 πολὺ
887 861 954 916 γὰρ
983 861 1023 901 ἂν
1053 863 1108 900 δι-

77 918 254 974 καιότερον
273 919 386 974 τούτῳ
402 920 595 971 νεμεσήσαι
611 920 651 959 τὸ
671 919 847 971 δαιμόνιον
864 919 886 967 ἢ
908 920 1107 959 Καλλισθέ-

77 994 139 1017 νει.
181 979 335 1023 Ἐκεῖνος
370 978 432 1030 μὲν
469 973 528 1018 οῧν
566 980 733 1018 ἀποθεοῦν
763 978 983 1034 Ἀλέξανδρον
1004 979 1108 1019 &60⁰-

78 1036 168 1085 λήθη
179 1053 187 1061 ·
207 1037 358 1089 Τίμαιος
375 1037 411 1076 δὲ
429 1038 536 1089 μείζω
555 1044 647 1077 ποιεῖ
663 1036 885 1089 Τιμολέοντα
899 1041 968 1077 τῶν
983 1040 1107 1094 ἐπιφα-

76 1096 251 1136 νεστάτων
283 1099 380 1136 θεῶν.
411 1098 481 1136 Καὶ
520 1097 759 1146 Καλλισθένης
791 1097 853 1150 μὲν
892 1097 1001 1153 ἄνδρα
1030 1115 1107 1138 τοι-

77 1158 190 1205 οῦτον,
217 1155 254 1195 ὃν
291 1156 418 1201 πάντες
448 1155 769 1211 μεγαλοφυέστερον
787 1155 810 1204 ἢ
831 1157 909 1196 κατ’
927 1157 1106 1212 ἄνθρωπον

76 1213 256 1266 γεγονέναι
295 1218 339 1269 τῇ
369 1218 466 1269 ψυχῇ
491 1220 753 1271 συγχωροῦσιν·
790 1211 888 1261 οῧτος
921 1216 957 1255 δὲ
991 1220 1107 1269 Τιμο-

77 1272 221 1323 λέοντα,
242 1274 301 1313 τὸν
337 1277 404 1328 οὐχ
430 1270 499 1314 οἷον
531 1275 677 1320 δόξαντά
698 1292 732 1314 τι
754 1275 975 1330 πεπραχέναι
998 1292 1109 1328 μεγα-

77 1333 183 1380 λεῖον,
203 1333 282 1372 civ?
301 1335 371 1372 οὐδ’
392 1333 660 1386 ἐπιὸαλόμενον,
682 1334 765 1386 μίαν
787 1334 822 1374 δὲ
840 1338 890 1389 τῷ
914 1335 979 1389 βίῳ
992 1351 1107 1390 γραμ-

79 1390 148 1442 μὴν
169 1392 381 1431 διανύσαντα
393 1424 403 1441 ,
420 1392 480 1431 καὶ
509 1392 641 1441 ταύτην
660 1392 738 1431 οὐδὲ
770 1394 960 1432 σπουδαίαν
979 1394 1106 1448 τρόπον

78 1449 158 1488 τινὰ
170 1450 256 1505 πρὸς
274 1451 314 1490 τὸ
331 1450 474 1503 μέγεθος
495 1454 558 1499 τῆς
577 1451 804 1503 οἰκουμένης,
817 1451 911 1504 λέγω
930 1452 966 1491 δὲ
983 1452 1046 1500 τὴν
1068 1455 1107 1491 ἐκ

76 1510 139 1555 τῆς
163 1509 328 1562 πατρίδος
351 1511 398 1554 εἷς
427 1509 666 1564 Συρακούσας.
700 1510 805 1549 Ἀλλά
826 1526 885 1562 μοι
914 1511 1007 1549 δοκεῖ
1025 1527 1107 1549 πει-

77 1569 203 1614 σθῆναι
222 1568 393 1620 Τίμαιος,
412 1571 477 1616 ὡς,
497 1567 538 1607 ἂν
559 1568 757 1620 Τιμολέων,
775 1569 1055 1624 πεφιλοδοξηκὼς
1070 1571 1106 1608 ἐν

79 1626 167 1678 αὐτῇ
186 1627 351 1680 Σικελίᾳ,
368 1627 525 1681 καθάπερ
546 1629 580 1666 ἐν
601 1627 764 1681 ὀξυὸάφῳ
778 1659 789 1677 ,
813 1626 995 1682 σύγκριτος
1012 1632 1105 1681 φανῇ

75 1690 148 1728 τοῖς
174 1686 460 1739 ἐπιφανεστάτοις
497 1689 566 1725 τῶν
601 1686 740 1740 ἡρώων,
765 1688 830 1725 κᾶν
863 1686 983 1736 αὐτὸς,
1019 1687 1106 1741 ὑπὲρ

78 1742 226 1788 Ἰταλίας
243 1744 346 1796 μόνον
370 1745 438 1784 καὶμ
453 1745 615 1789 Σικελίας
633 1745 965 1800 πραγματευόμενος
976 1777 986 1795 ,
1016 1746 1107 1785 εἷκό-

76 1818 144 1847 τως
160 1804 363 1857 παραδολῆς
389 1804 577 1852 ἀξιωθῆναι
609 1811 679 1850 τοῖς
703 1805 790 1860 ὑπὲρ
811 1809 874 1853 τῆς
901 1805 1106 1857 οἰκουμένης

76 1861 136 1900 καὶ
152 1865 220 1901 τῶν
234 1862 383 1902 καθόλου
399 1863 556 1918 πράξεων
573 1863 821 1917 πεποιημένοις
837 1865 898 1910 τὰς
918 1865 1104 1911 συντάξεις.

78 1921 168 1976 Περὶ
215 1922 278 1967 μὲν
328 1917 386 1961 οῦν
437 1922 711 1977 Ἀριστοτέλους,
758 1924 814 1963 καὶ
852 1924 1103 1979 Θεοφράστου,

78 2033 213 2075 aegidem
233 2035 267 2066 et
294 2033 415 2066 fulmen
436 2034 589 2066 humanae
610 2038 734 2067 naturae
756 2035 959 2076 attribuerit,
983 2035 1105 2076 justam
1135 2039 1141 2110 Ι

79 2082 171 2114 illum
188 2089 317 2122 poenam
339 2090 358 2113 a
374 2081 507 2114 numine
524 2082 683 2115 retulisse.

549 2136 635 2169 143.

119 2187 285 2228 Ephorum
308 2189 415 2219 autem
445 2188 589 2220 Timaeus
611 2187 771 2228 imprimis
792 2189 998 2220 vehementer
1026 2188 1108 2220 inse-

77 2236 184 2268 ctatus
197 2236 256 2274 est,
272 2243 373 2275 quum
389 2234 457 2275 ipse
475 2234 604 2267 duobus
619 2235 758 2275 peccatis
779 2234 821 2266 sit
846 2233 1008 2266 obnoxius
1026 2243 1033 2265 :
1053 2233 1108 2265 uni

79 2282 225 2323 quidem,
243 2281 328 2322 quod
346 2281 426 2313 alios
442 2282 556 2314 acerbe
572 2281 764 2314 criminetur
782 2281 824 2313 ob
841 2290 879 2314 ea
893 2281 1035 2313 maxime
1057 2281 1108 2313 de-

78 2328 164 2368 licta,
177 2328 296 2369 quibus
312 2328 382 2370 ipse
396 2330 447 2360 est
472 2328 634 2361 obnoxius
645 2338 654 2367 ;
667 2328 758 2360 alteri
775 2337 865 2367 vero,
878 2328 967 2369 quod
980 2328 1108 2368 ingenio

79 2376 175 2408 fuerit
190 2375 283 2416 plane
298 2377 451 2416 corrupto
462 2400 471 2416 ‚
489 2375 546 2416 qui
562 2375 722 2416 ejusmodi
748 2377 922 2407 sententias
941 2378 1108 2407 Commen-

78 2423 170 2455 tariis
184 2424 252 2456 suis
266 2422 445 2463 prodiderit
459 2431 578 2464 easque
590 2423 759 2463 opiniones
772 2423 888 2454 animis
901 2423 1056 2454 infuderit
1070 2422 1110 2454 le-

77 2469 231 2510 gentium.
275 2468 338 2501 Sed
381 2468 410 2501 si
431 2468 663 2501 Callisthenem
689 2469 804 2501 merito
838 2477 950 2510 poenas
981 2467 1110 2500 dedisse

79 2515 286 2548 statuendum
305 2517 374 2555 est;
392 2515 471 2556 quid
490 2515 648 2548 Timaeum
665 2517 730 2557 pati
750 2517 900 2557 oportet?
930 2515 1006 2546 huic
1021 2515 1107 2547 enim

79 2563 180 2594 multo
191 2562 312 2604 justius
327 2571 447 2595 numen
478 2563 640 2595 infensum
663 2564 775 2603 suerit,
793 2571 890 2604 quam
909 2562 1106 2596 Callistheni.

79 2611 204 2653 Quippe
235 2611 447 2644 Callisthenes
485 2611 668 2643 Alexandro
703 2612 847 2644 divinam
883 2611 1040 2652 originem
1075 2610 1108 2642 in

80 2658 328 2691 Commentariis
350 2658 490 2692 tribuere
505 2659 636 2691 volebat
654 2669 661 2690 ε
677 2659 820 2691 Timaeus
839 2667 914 2690 vero
929 2657 1108 2691 Timoleon-

81 2707 146 2738 tem
163 2714 261 2747 supra
276 2714 422 2738 summos
450 2706 528 2739 deos
566 2706 701 2738 extollit.
731 2709 773 2738 Et
803 2706 1017 2738 Callisthenes
1034 2705 1108 2746 qui-

51 2775 54 2780 .
82 2752 154 2784 dem
170 2761 245 2785 eum
267 2752 394 2793 virum,
419 2762 516 2794 quem
536 2763 648 2785 omnes
670 2753 894 2795 praestantiore
913 2752 947 2784 vi
970 2752 1107 2791 mentis,

79 2806 175 2839 quam
212 2798 354 2831 humana
381 2799 462 2832 ferat
491 2799 651 2840 conditio,
676 2800 774 2831 fuisse
796 2799 1022 2831 consentiunt:
1055 2799 1109 2830 hic

84 2853 159 2877 vero
173 2845 418 2886 Timoleontem,
437 2847 492 2887 qui
511 2856 573 2891 non
591 2847 689 2879 modo
709 2846 788 2878 nihil
801 2846 1006 2887 magnificum
1021 2846 1108 2878 vide-

82 2893 135 2923 tur
150 2893 298 2933 gessisse,
312 2893 369 2925 sed
381 2902 421 2925 ne
441 2893 621 2935 suscepisse
633 2894 783 2935 quidem;
800 2895 832 2925 et
847 2893 903 2934 qui
925 2893 1058 2924 unicum
1074 2893 1108 2924 in

81 2939 150 2971 tota
157 2939 224 2972 vita
232 2940 371 2982 spatium
379 2941 571 2977 decucurrit,
585 2944 682 2982 atque
697 2941 775 2973 illud
782 2950 896 2982 parum
904 2941 1029 2973 illustre
1040 2949 1107 2981 prae

82 2985 168 3018 orbis
186 2989 342 3019 terrarum
354 2988 585 3029 magnitudine,
601 2988 806 3020 intervallum
817 2987 950 3027 scilicet,
961 2987 1046 3028 quod
1058 2990 1109 3020 est

81 3040 100 3063 a
114 3033 269 3066 Corintho
292 3037 467 3076 Syracusas
500 3044 614 3076 usque.
647 3035 707 3067 Sed
730 3043 862 3077 prorsus
885 3035 964 3066 mihi
982 3034 1109 3066 videtur

80 3079 222 3113 Timaeus
235 3090 425 3123 persuasum
439 3082 590 3114 habuisse
601 3105 610 3122 ‚
624 3082 652 3114 si
665 3082 848 3119 Timoleon,
864 3081 920 3122 qui
936 3081 969 3112 in
983 3082 1052 3113 sola
1065 3082 1108 3114 Si—

80 3126 153 3159 cilia
165 3129 329 3169 tamquam
347 3130 380 3160 in
400 3129 570 3162 acetabulo
591 3129 724 3170 gloriam
740 3131 922 3171 captasset,
942 3129 1108 3161 celeberri-

83 3173 145 3206 mis
160 3176 268 3207 tamen
293 3176 443 3208 heroibus
465 3177 701 3218 comparandus
726 3185 796 3209 esse
813 3176 996 3215 videretur3
1014 3176 1060 3207 ita
1077 3178 1109 3207 et

81 3227 117 3252 se
132 3219 250 3261 ipsum,
263 3223 390 3254 tametsi
407 3222 446 3255 de
461 3223 553 3255 Italia
574 3225 699 3255 tantum
716 3232 753 3255 ac
768 3222 874 3255 Sicilia
890 3223 1105 3261 tractavisset,

83 3274 157 3298 cum
171 3267 211 3299 iis
226 3268 434 3309 scriptoribus
447 3269 562 3301 merito
585 3273 806 3311 comparatum
822 3269 879 3308 iri,
897 3269 952 3310 qui
966 3268 1108 3300 universi

81 3313 169 3345 orbis
184 3314 349 3346 historiam
378 3316 600 3348 condiderunt.
631 3319 709 3349 Haec
734 3317 830 3357 igitur
856 3312 924 3357 pro'
941 3315 1110 3347 Aristotele

82 3368 120 3392 ac
141 3361 360 3402 Theophrasto
381 3365 413 3394 et
438 3363 654 3403 Callisthene,
676 3364 826 3404 itemque
842 3373 900 3404 pro
919 3363 1049 3404 Ephoro
1072 3371 1109 3393 ac

2113 151 2188 184 229

1165 228 1226 266 καὶ
1242 228 1520 278 Καλλισθένους,
1542 229 1593 268 ἔτι
1619 230 1648 268 δ’
1674 228 1824 284 Ἐφόρου
1851 230 1910 268 καὶ
1934 231 2189 284 Δημοχάρους,

1163 286 1267 325 ἱκανὰ
1282 287 1358 326 τάδ’
1377 291 1461 339 ἡμῖν
1502 289 1576 327 ἐστὶ
1595 289 1678 343 πρὸς
1697 287 1760 336 τὴν
1776 289 1929 340 Τιμαίου
1951 288 2190 341 καταδρομὴν,

1164 345 1291 396 ὁμοίως
1322 346 1358 384 δὲ
1386 347 1445 385 καὶ
1472 348 1558 400 πρὸς
1579 346 1658 391 τοὺς
1692 347 1906 401 ἀφιλοτίμως
1938 347 2192 399 πεπεισμένους

1165 403 1343 450 ἀληθεύειν
1364 405 1422 443 τὸν
1444 406 1644 460 συγγραφέα
1661 410 1796 446 τοῦτον.

1164 516 1402 564 QUINQUE
1433 517 1573 557 LIBRI
1599 493 1874 558 —POSTREMI
1915 519 1985 557 DE
2029 519 2191 559 REBUS

1509 577 1847 617 AGATHOCLIS.

1218 685 1378 723 Diodor.
1399 689 1515 733 XXI,
1537 696 1561 724 t.
1594 635 1735 739 ΙΧιῗίὲ.
1763 702 1838 741 279
1865 690 1947 740 Bip.
1966 705 1972 726 ε
1989 686 2075 728 ’Ότι
2095 683 2193 733 οἶτος

1165 744 1357 797 ἱστορικὸς,
1380 743 1441 787 τὰς
1459 745 1632 798 ἁμαρτίας
1652 749 1719 784 τῶν
1739 747 1806 800 πρὸ
1826 750 1949 785 ἑαυτοῦ
1965 747 2191 802 συγγραφέων

1165 802 1362 856 πικρότατα
1381 802 1542 855 ἐλέγξας,
1560 804 1651 842 κατὰ
1670 805 1731 855 μὲν
1746 806 1858 844 τᾶλλα
1880 805 1969 860 μέρη
1984 809 2046 853 τῆς
2059 810 2194 860 γραφῆς

1164 862 1331 909 πλείστην
1345 861 1511 916 πρόνοιαν
1529 856 1603 915 εἶχε
1620 866 1681 909 τῆς
1698 864 1878 911 ἀληθείας·
1897 867 1931 903 ἐν
1949 864 1982 903 δὲ
1998 871 2073 909 ταῖς
2089 866 2192 917 Ἀγα-

1166 921 1326 965 θοκλέους
1344 920 1491 975 πράξεσι
1507 920 1552 959 τὰ
1568 921 1684 960 πολλὰ
1697 922 1931 976 κατέψευσται
1944 929 2003 963 τοῦ
2023 924 2192 963 δυνάστου

1165 980 1222 1018 διὰ
1236 980 1300 1028 τὴν
1313 979 1397 1034 πρὸς
1411 980 1513 1019 αὐτὸν
1526 979 1665 1033 ἔχθραν.
1686 982 1923 1032 Φυγαδευθεὶς
1938 982 2003 1036 γὰρ
2022 984 2080 1021 ὑπ’
2092 983 2194 1034 Ἄγα-

1165 1038 1325 1083 θοκλέους
1347 1041 1388 1078 ἐκ
1406 1042 1468 1086 τῆς
1494 1039 1674 1087 Σικελίας,
1694 1041 1806 1084 ζῶντα
1825 1039 1886 1091 μὲν
1914 1041 2113 1092 ἀμύνασθαι
2134 1042 2193 1080 τὸν

1166 1097 1338 1145 δυνάστην
1355 1099 1418 1136 οὐκ
1437 1097 1581 1150 ἴσχυσε,
1600 1097 1859 1145 τελευτήσαντα
1876 1097 1911 1136 δὲ
1937 1097 1993 1136 διὰ
2012 1102 2073 1146 τῆς
2094 1102 2192 1138 ἱστο-

1167 1156 1242 1211 ρίας
1261 1156 1537 1211 ἐὸλασφήμησεν
1555 1158 1603 1200 εἷς
1627 1156 1685 1196 τὸν
1710 1158 1832 1195 αἰῶνα.
1854 1156 2013 1195 Καθόλου
2032 1157 2099 1211 γὰρ
2119 1164 2195 1202 ταῖς

1165 1215 1475 1270 προϋπαρχούσαις
1491 1218 1540 1269 τῷ
1560 1218 1696 1268 βασιλεῖ
1712 1214 1825 1269 τούτῳ
1846 1215 1981 1259 κακίαις
1994 1215 2082 1254 ἄλλα
2103 1219 2194 1255 πολ-

1165 1274 1210 1313 λὰ
1226 1276 1309 1329 παρ’
1328 1278 1451 1313 ἑαυτοῦ
1471 1275 1631 1328 προσθεὶς
1647 1278 1665 1313 ὃ
1682 1273 1918 1328 συγγραφεὺς,
1943 1275 2005 1318 τὰς
2032 1275 2093 1325 μὲν
2114 1277 2195 1323 εὐη-

1166 1334 1287 1388 μερίας
1318 1333 1570 1388 ἀφαιρούμενος
1598 1336 1702 1372 αὐτοῦ
1715 1365 1725 1383 ,
1757 1333 1818 1377 τὰς
1848 1332 1884 1371 δὲ
1907 1333 2122 1383 ἀποτεύξεις,
2156 1337 2195 1373 οὐ

1164 1394 1226 1437 τὰς
1245 1393 1288 1432 δι’
1303 1393 1405 1432 αὐτὸν
1428 1393 1530 1445 μόνον
1556 1392 1761 1444 γενομένας,
1783 1392 1873 1431 ἀλλὰ
1894 1392 1953 1431 καὶ
1971 1392 2034 1436 τὰς
2057 1392 2113 1431 διὰ
2136 1393 2196 1431 τύ-

1164 1468 1245 1505 χην,
1266 1451 1469 1507 μεταφέρων
1501 1453 1547 1495 εἷς
1566 1452 1624 1490 τὸν
1644 1451 1750 1503 μηδὲν
1771 1450 2021 1502 ἐξαμαρτόντα.
2040 1451 2195 1503 Γενομέ-

1163 1526 1223 1549 νου
1250 1510 1286 1550 δὲ
1316 1510 1606 1563 ὁμολογουμένως
1634 1512 1739 1548 αὐτοῦ
1765 1513 1999 1564 στρατηγικοῦ
2021 1509 2084 1560 μὲν
2102 1510 2194 1548 κατὰ

1163 1569 1226 1618 τὴν
1247 1570 1415 1619 ἐπίνοιαν,
1430 1571 1615 1624 δραστικοῦ
1633 1569 1743 1608 δὲκαὶ
1760 1567 2009 1622 τεθαρρηκότος
2027 1567 2118 1606 κατὰ
2131 1567 2194 1615 τὴν

1165 1631 1199 1667 ἐν
1225 1636 1296 1673 τοῖς
1317 1628 1486 1672 κινδύνοις
1519 1629 1719 1681 εὐτολμίαν,
1743 1629 1781 1667 οὔ
1811 1628 1981 1667 διαλείπει
2007 1627 2090 1681 παρ’
2109 1627 2194 1675 ὅλην

1163 1687 1228 1735 τὴν
1257 1688 1412 1742 ἱστορίαν
1442 1689 1630 1726 ἀποκαλῶν
1661 1687 1762 1726 αὐτὸν
1789 1686 1954 1740 ἄνανδρον
1980 1686 2039 1724 καὶ
2068 1686 2192 1724 δειλόν.

1165 1746 1290 1785 Καίτοι
1303 1762 1342 1797 γε
1361 1746 1412 1790 τίς
1430 1747 1492 1785 οὐκ
1511 1739 1613 1794 οἶδεν,
1630 1745 1763 1784 ὅτιτῶν
1781 1745 1923 1784 πώποτε
1938 1744 2196 1783 δυναστευσάν-

1163 1821 1231 1843 των
1249 1805 1358 1848 οὒδεὶς
1378 1805 1557 1843 ἐλάττοσιν
1574 1807 1745 1858 ἀφορμαῖς
1761 1804 1983 1858 χρησάμενος
1998 1803 2105 1854 μείζω
2128 1806 2195 1855 βα-

1163 1864 1296 1903 σιλείαν
1325 1863 1616 1918 περιεποιήσατο,
1644 1862 1867 1917 χειροτέχνης
1898 1862 1964 1916 γὰρ
1993 1864 2032 1901 ἐκ
2060 1862 2194 1901 παίδων

1163 1923 1345 1977 γενόμενος
1379 1923 1420 1961 δι’
1445 1922 1593 1976 ἀπορίαν
1622 1922 1696 1976 βίου
1714 1922 1775 1960 καὶ
1795 1921 1955 1976 πατέρων
1978 1921 2132 1971 ἀδοξίαν,
2158 1920 2194 1966 ἐξ

1168 2034 1388 2072 Demochare,
1406 2034 1562 2066 adversus
1587 2033 1702 2065 Timaei
1733 2032 1879 2064 convicia
1901 2032 1987 2064 dicta
2010 2031 2192 2074 sufficiant,

1168 2082 1331 2122 simulque
1347 2081 1502 2112 adversus
1517 2089 1572 2112 eos
1583 2105 1591 2119 ,
1611 2080 1667 2121 qui
1682 2081 1767 2111 hunc
1786 2080 1974 2120 scriptorem
1996 2079 2116 2121 absque
2128 2089 2194 2112 am-

1167 2128 1289 2160 bitione
1304 2127 1471 2160 veritatem
1486 2127 1626 2168 proferre
1641 2135 1832 2168 persuasum
1850 2126 1978 2158 habent.

1193 2259 1427 2307 QUINQUE
1456 2258 1596 2297 LIBRI
1624 2257 1887 2297 POSTREMI
1917 2257 1984 2295 DE
2004 2257 2164 2297 REBUS

1507 2331 1844 2371 AGATHOCLIS.
2149 2343 2151 2346 ·

1636 2408 1720 2440 144.

1207 2469 1360 2508 Timaeus,
1374 2467 1431 2508 qui
1444 2467 1588 2508 priorum
1605 2466 1747 2498 historiae
1765 2466 1956 2506 scriptorum
1973 2474 2093 2499 errores
2107 2473 2192 2496 acer-

1166 2516 1300 2548 bissime
1327 2514 1518 2555 castigavit,
1538 2514 1600 2546 suit
1628 2513 1681 2545 ille
1701 2513 1831 2554 quidem
1857 2513 1889 2543 in
1906 2513 2018 2544 ceteris
2046 2512 2191 2544 historiae

1167 2571 1235 2595 suae
1247 2562 1394 2603 partibus
1410 2561 1556 2594 veritatis
1573 2559 1845 2598 studiosissimus,
1863 2559 1916 2591 sed
1934 2560 1966 2595 in
1984 2559 2078 2592 rebus
2093 2558 2191 2598 gestis

1166 2609 1351 2650 Agathoclis
1375 2617 1443 2650 prae
1468 2608 1543 2639 odio
1555 2631 1564 2647 ,
1588 2616 1653 2648 quo
1675 2606 1707 2638 in
1725 2606 1816 2638 illum
1832 2609 1899 2638 erat
1916 2606 2050 2637 ast'ectus
2063 2630 2071 2645 ,
2090 2605 2192 2636 multa

1166 2658 1332 2690 confinxit.
1347 2658 1494 2697 Namque
1509 2655 1549 2687 ab
1563 2654 1735 2695 Agathocle
1747 2663 1787 2685 ex
1804 2653 1909 2685 Sicilia
1924 2652 1956 2683 in
1972 2652 2105 2684 exilium
2123 2652 2190 2692 pul-

1165 2714 1221 2737 sus
1233 2729 1242 2744 ,
1259 2707 1432 2745 tyrannum
1448 2703 1580 2744 quidem
1596 2702 1714 2743 ipsum,
1733 2700 1874 2740 quandiu
1893 2699 1986 2738 vixit,
2004 2699 2116 2731 ulcisci
2133 2699 2190 2731 mi-

1166 2752 1253 2783 nime
1267 2750 1380 2790 valuit,
1393 2753 1498 2782 mortu
1505 2758 1564 2781 um.
1575 2757 1653 2780 vero
1672 2747 1824 2779 omnibus
1840 2744 1995 2777 conviciis
2010 2745 2043 2775 in
2057 2744 2192 2776 historia

1166 2798 1206 2831 ad
1229 2797 1427 2840 posteritatis
1447 2795 1637 2827 memoriam
1664 2792 1826 2827 laceravit.
1844 2791 2010 2832 Siquidem
2030 2790 2070 2822 iis
2088 2790 2190 2826 vitiis,

1166 2846 1282 2887 quaein
1295 2854 1367 2886 rege
1381 2844 1435 2876 illo
1450 2844 1591 2881 suerunt,
1606 2841 1707 2873 multa
1723 2840 1775 2871 ille
1789 2839 1852 2870 alia
1863 2840 2065 2870 commentus
2079 2837 2118 2870 de
2131 2846 2192 2869 suo

1165 2893 1296 2934 adjicit,
1316 2895 1413 2932 atque
1438 2890 1469 2922 in
1492 2890 1680 2921 universum
1700 2895 1813 2919 omnes
1833 2894 2004 2926 prosperos
2025 2886 2095 2925 eJus
2117 2893 2192 2916 suc-

1165 2949 1274 2973 cessus
1298 2938 1430 2977 deterit,
1449 2936 1601 2968 adversos
1620 2936 1726 2966 autem
1745 2941 1840 2965 casus
1856 2941 1920 2963 non
1937 2940 1992 2964 eos
2010 2931 2115 2963 solum
2134 2932 2192 2972 qui

1166 2986 1350 3028 Agathoclis
1369 2985 1464 3025 culpa
1476 3007 1485 3022 ,
1500 2982 1557 3014 sed
1575 2982 1671 3014 etiam
1686 2980 1742 3021 qui
1759 2979 1890 3011 fortuito
1906 2981 2088 3018 evenerant,
2104 2978 2133 3010 ei
2146 2979 2191 3011 vi-

1165 3035 1211 3067 tio
1225 3034 1333 3066 vertit.
1352 3034 1526 3070 Quumque
1547 3030 1629 3060 inter
1650 3036 1764 3059 omnes
1779 3027 1915 3065 constet,
1927 3025 2136 3066 Agathoclem
2159 3028 2192 3057 et

1166 3081 1301 3114 consilio
1315 3079 1347 3110 in
1361 3087 1394 3109 re
1407 3075 1539 3108 militari
1553 3075 1711 3114 valuisse,
1726 3076 1759 3105 et
1772 3073 1931 3106 industria
1945 3075 2042 3113 atque
2058 3072 2192 3104 audacia

1166 3130 1200 3160 in
1213 3125 1365 3159 maximis
1382 3121 1625 3155 discriminibus
1641 3119 1794 3160 singulari
1810 3119 1982 3161 praeditum
1996 3119 2107 3156 fuisse,
2123 3117 2194 3159 ipsc

1167 3184 1222 3216 per
1238 3176 1341 3205 totam
1356 3170 1523 3202 historiam
1542 3167 1703 3199 imbellem
1725 3175 1799 3199 eum
1818 3169 1916 3206 atque
1937 3165 2089 3206 ignavum
2107 3166 2193 3196 voci-

1164 3226 1233 3254 tare
1248 3229 1314 3251 non
1331 3217 1462 3250 desinit.
1474 3218 1515 3248 Et
1526 3219 1635 3247 tamen
1645 3214 1719 3255 quis
1744 3216 1793 3246 est
1805 3213 1860 3254 qui
1876 3213 2012 3254 ignorat,
2029 3211 2191 3252 neminem

1166 3266 1346 3300 minoribus
1359 3273 1456 3296 usum
1469 3262 1630 3304 praesidiis
1641 3263 1674 3294 et
1685 3261 1890 3302 adjumentis,
1906 3261 2030 3292 tantam
2047 3258 2194 3290 domina-

1164 3314 1284 3346 tionem
1303 3320 1446 3352 unquam
1464 3309 1527 3342 sibi
1543 3307 1869 3349 comparavisse?Qui
1884 3314 1985 3347 quum
2005 3313 2134 3345 apuero
2151 3303 2193 3335 ob

1165 3362 1338 3401 egestatem
1363 3360 1459 3398 atque
1482 3355 1714 3389 obscuritatem
1736 3354 1862 3395 generis
1887 3352 2068 3386 sellularius
2084 3351 2192 3393 opifex
