2294 3704
123 198 219 229 Lxlv

123 272 309 327 ejusmodi
329 270 541 322 quidquam
573 264 720 303 viderit.
753 258 996 299 Leuctricum
1024 256 1142 307 igitur

123 333 302 386 proelium
327 330 420 381 quia
445 326 607 376 simplex
627 323 698 359 fuit
722 328 759 357 et
785 331 861 356 uno
880 329 1017 367 genere
1044 314 1142 353 arti-

123 392 200 430 ficii
223 390 396 428 militaris
425 392 640 436 peractum,
660 378 834 417 historici
859 375 1046 414 inscitiam
1067 387 1144 411 non

124 449 333 489 admodum
364 445 490 495 arguit
514 459 522 479 :
551 452 685 478 verum
707 437 802 475 illud
832 436 880 473 ad
912 434 1142 472 Mantineam

125 510 216 560 quia
234 507 379 546 variam
396 512 433 541 et
452 503 602 553 plenam
623 506 702 535 arte
721 494 969 546 imperatoria
985 493 1144 530 formam

124 566 260 604 habuit
272 594 281 611 ,
296 564 334 600 id
349 562 397 599 ab
412 558 586 598 historici
605 555 759 607 ingenio
774 566 900 604 neque
914 552 1004 589 ferri
1021 563 1146 600 neque

125 623 286 671 intelligi
302 628 437 673 potest.
463 621 555 666 Quae
575 630 633 653 res
653 626 811 665 prorsus
832 611 999 663 patebit,
1016 610 1046 647 si
1063 609 1147 659 quis

125 696 218 722 vera
237 683 407 718 locorum
432 677 528 714 facie
548 674 621 712 sibi
643 673 860 724 proposita,
883 671 920 707 in
942 670 1000 707 his
1022 678 1148 706 motus

126 743 213 780 illos
241 738 457 776 dimetietur
479 748 576 785 quos
598 733 778 784 Ephorus
805 738 945 767 narrat.
967 734 1094 779 Atque
1110 727 1148 765 id

126 802 253 852 ipsum
267 798 522 846 Theopompo
542 805 696 844 quoque
716 790 854 828 accidit
869 819 879 838 ‚
901 789 1063 826 maxime
1083 801 1150 824 au—

128 867 205 896 tem
229 857 386 895 Timaeo.
407 856 505 892 Nam
531 850 838 902 quandocunque
867 847 1083 886 summatim
1110 845 1151 883 id

129 931 247 969 genus
262 929 324 953 res
338 920 496 951 narrant
511 942 521 960 ‚
538 912 629 948 latet
642 922 775 947 eorum
789 907 1002 958 imperitia3
1020 918 1153 943 verum

129 976 286 1029 quando
305 972 525 1023 singillatim
546 983 609 1008 eas
626 980 819 1019 exponere
834 975 872 1004 et
893 966 1154 1003 demonstrare

130 1034 408 1086 aggrediuntur
426 1059 435 1076 ‚
478 1030 637 1068 omnino
676 1028 769 1065 tales
809 1033 997 1076 apparent
1034 1023 1155 1074 qualis

131 1094 355 1145 Ephorus.»
379 1089 528 1130 Deinde
552 1101 646 1125 vero
670 1086 718 1123 ad
748 1085 852 1123 illam
879 1083 1027 1135 Ephori
1059 1096 1155 1119 con-

132 1151 374 1192 suetudinem
394 1150 435 1186 in
462 1147 620 1185 modum
639 1146 837 1183 rhetorum
858 1143 1058 1193 copiarum
1079 1155 1156 1178 nu-

132 1225 259 1250 meros
278 1219 317 1248 et
345 1222 431 1260 quae
451 1214 539 1245 sunt
559 1206 699 1243 horum
719 1203 854 1241 similia
871 1200 1075 1239 immodice
1094 1213 1159 1236 ex-

134 1269 339 1322 aggerandi
371 1265 655 1318 quammaxime
681 1271 738 1301 est
754 1260 1028 1300 attendendum
1050 1259 1099 1310 (v.
1113 1258 1158 1295 fr.

139 1331 225 1377 113,
247 1329 320 1365 123
340 1326 463 1364 tribus
480 1324 573 1362 locis
586 1353 596 1371 ,
621 1322 722 1371 132).

188 1391 323 1426 Restat
353 1393 394 1422 ut
418 1383 651 1421 mentionem
680 1381 815 1418 faciam
846 1378 922 1416 loci
956 1374 1162 1426 Porphyrii

134 1446 212 1499 (ap.
227 1443 366 1483 Euseb.
385 1447 423 1480 P.
441 1446 484 1481 E.
502 1455 536 1492 p.
557 1443 629 1485 464
651 1438 818 1488 Colon.),
834 1437 900 1474 ubi
914 1437 1016 1473 haec:
1033 1433 1081 1472 Τί
1097 1432 1163 1485 γὰρ

137 1502 288 1558 Ἐφόρου
311 1501 409 1548 ἴδιον,
429 1503 468 1539 ἐκ
501 1501 569 1537 τῶν
601 1497 789 1549 Δαῖμάχου
815 1495 875 1534 καὶ
912 1491 1165 1534 Καλλισθένους

136 1563 197 1601 καὶ
216 1560 459 1611 Ἀναξιμένους
477 1559 599 1601 αὐταῖς
619 1555 752 1601 λέξεσιν
773 1554 868 1594 ἔστιν
885 1553 942 1592 ὅτε
954 1551 1165 1607 τρισχιλίους

137 1619 237 1664 ὅλους
258 1618 498 1671 μετατιθέντος
519 1616 682 1668 στίχους;
715 1623 753 1653 et
772 1629 810 1666 p.
833 1615 905 1661 467
926 1629 933 1651 :
954 1610 1166 1663 Λυσιμάχου

139 1679 214 1719 ἔστι
233 1678 293 1717 δύο
309 1677 389 1730 περὶ
411 1679 472 1724 τῆς
491 1674 641 1728 Ἐφόρου
662 1675 793 1720 κλοπῆς
808 1689 816 1697 ·
833 1672 989 1715 Ἀλκαῖος
1011 1669 1047 1708 δὲ
1064 1673 1082 1709 ὁ
1096 1671 1165 1707 τῶν

139 1740 304 1792 λοιδόρων
325 1736 481 1788 Ἰάμὸων
508 1734 568 1773 καὶ
600 1731 908 1786 Ἐπιγραμμάτων
932 1730 1080 1777 ποιητὴς
1099 1745 1168 1767 πα-

141 1796 276 1852 ρῴδηκε
290 1796 350 1838 τὰς
364 1794 515 1850 Ἐφόρου
529 1790 662 1835 κλοπὰς
677 1790 877 1842 ἐξελέγχων.
888 1790 1168 1835 Callisthenem,

141 1857 249 1908 cujus
273 1856 471 1893 Hellenica
498 1866 619 1903 usque
639 1851 687 1888 ad
707 1850 852 1888 bellum
873 1862 1022 1886 sacrum
1046 1848 1169 1900 perti-

141 1923 336 1963 nuerunt,
368 1922 406 1952 et
430 1912 707 1951 Anaximenem
728 1923 787 1947 res
815 1913 963 1947 Graecas
983 1921 1103 1958 usque
1121 1908 1168 1944 ad

141 1987 313 2026 pugnam
342 1972 389 2010 ad
417 1971 651 2009 Mantineam
684 1977 972 2020 pertexentem,
1004 1976 1042 2006 et
1062 1968 1169 2005 ‘Dai-

142 2033 321 2070 maehum
338 2030 417 2083 (8),
432 2030 499 2080 qui
513 2029 661 2068 Seleuci
675 2028 773 2078 regis
790 2026 1029 2078 temporibus
1041 2026 1170 2063 Indica

142 2104 211 2130 sua
227 2089 463 2141 composuit,
476 2089 547 2126 hos
558 2118 567 2136 ‚
584 2089 741 2138 inquam
754 2116 765 2137 ,
783 2086 831 2124 ab
853 2086 1014 2136 Ephoro
1032 2085 1172 2122 exscri-

142 2158 230 2200 ptos
249 2162 330 2186 esse
349 2161 464 2198 quam
481 2146 648 2184 absurda
664 2146 712 2183 sit
725 2145 924 2192 sententia,
935 2158 1012 2181 non
1030 2152 1086 2181 est
1103 2158 1172 2182 cur

142 2207 319 2260 pluribus
356 2207 674 2244 demonstremus.
710 2204 813 2251 Quid
855 2217 946 2241 vero
986 2203 1171 2240 inducere

144 2267 318 2319 potuerit
339 2267 502 2303 seriores
521 2273 564 2302 ut
585 2265 638 2301 ita
656 2263 860 2301 statuerint
879 2263 1049 2314 (minime
1071 2263 1172 2300 enim

144 2326 225 2363 haec
245 2340 265 2363 a
285 2324 504 2375 Porphyrio
533 2324 691 2361 inventa
721 2321 846 2373 sunt),
878 2336 926 2359 ex
953 2322 999 2359 iis
1020 2335 1105 2372 quae
1126 2321 1174 2359 de

144 2387 345 2431 Hecataeo,
383 2383 430 2420 de
467 2382 690 2427 Hellanico,
739 2395 809 2419 nec
839 2394 916 2417 non
943 2380 991 2417 de
1024 2380 1174 2431 Ephori

145 2444 300 2494 scriptis
323 2442 515 2489 diximus,
550 2441 652 2487 satis,
681 2441 846 2492 opinor,
866 2439 1027 2490 patebit.
1058 2440 1175 2478 Refe-

147 2502 268 2540 renda
290 2501 391 2539 enim
423 2501 504 2538 haec
534 2509 625 2538 sunt
654 2499 703 2537 ad
731 2499 1022 2538 Paradoxorum
1057 2499 1175 2537 libros

147 2561 386 2612 quindecim,
407 2559 456 2597 ad
478 2559 599 2596 libros
614 2559 750 2610 viginti
779 2566 963 2609 quattuor
983 2560 1039 2596 De
1061 2557 1176 2596 bonis

148 2628 186 2657 et
210 2620 342 2664 malis,
365 2618 527 2656 fortasse
562 2618 678 2655 etiam
707 2617 754 2654 ad
779 2618 1030 2655 Inventorum
1054 2617 1176 2655 libros

149 2679 244 2716 duos
256 2708 265 2717 .
282 2691 368 2729 quae
387 2691 434 2715 ex
452 2677 631 2728 Ephoro,
645 2676 894 2723 Callisthene,
917 2676 1155 2713 Anaximene
1167 2705 1176 2723 ,

149 2737 358 2775 Daimacho
384 2736 571 2783 conflata,
603 2735 727 2772 nostri
759 2734 930 2772 auctoris
966 2747 1107 2772 nomen
1137 2735 1176 2772 in

151 2796 278 2832 fronte
298 2794 503 2832 habebant.
891 2831 900 2838 ,

205 2855 339 2892 Oratio
360 2854 531 2905 Ephori,
552 2867 601 2890 ex
617 2854 679 2891 illa
694 2853 875 2891 Isocratis
896 2853 1065 2903 magistri
1082 2861 1179 2890 tam-

154 2926 268 2963 quam
306 2913 535 2963 imperfecta
566 2912 694 2962 imago
727 2925 933 2963 expressa,
953 2925 1050 2962 pura
1076 2920 1179 2957 erat,

154 2971 216 3009 vel
238 2972 277 3008 in
308 2972 477 3009 minimis
507 2972 712 3022 diligenter
740 2970 963 3019 elaborata,
986 2971 1178 3019 dilucida,

195 3092 237 3130 (8)
259 3094 395 3131 Operam
420 3090 558 3130 perdidit
573 3091 711 3122 clinton.
730 3095 764 3122 F.
784 3094 822 3122 Η.
835 3099 867 3132 p.
884 3093 940 3123 381
965 3090 1017 3122 ed.
1033 3093 1180 3131 Kriiger„

154 3138 230 3179 qui,
246 3140 283 3169 ut
295 3137 480 3177 scriptorem
496 3139 732 3170 nancisceretur
747 3138 872 3178 Ephoro
894 3138 1109 3179 antiquiorem
1125 3147 1183 3179 pro

156 3184 319 3225 Δαϊμάχου
335 3183 474 3215 scribere
492 3184 597 3215 voluit
619 3185 757 3226 Δηϊόχου
774 3186 824 3216 vel
848 3185 1013 3227 Δηϊλὸχου.
1034 3187 1182 3217 Ceterum

156 3231 333 3263 Deiochum
348 3230 398 3261 vel
420 3229 606 3261 Deilochum
620 3233 867 3263 Proconnesium
877 3256 886 3272 ,
903 3240 1000 3272 quem
1010 3233 1078 3274 περὶ
1095 3231 1183 3268 Κυζί-

156 3289 215 3310 κου
229 3277 394 3318 scripsisse
405 3276 525 3307 scimus
537 3300 545 3315 ,
559 3277 599 3307 ab
613 3277 737 3317 Ephoro
757 3279 936 3310 lectitatum
950 3287 1021 3311 esse
1031 3278 1184 3320 probatur

157 3324 197 3357 fr.
213 3325 281 3356 104.
298 3327 342 3355 Ex
357 3322 470 3354 eodem
487 3322 621 3355 sortasse
638 3324 737 3364 petita
751 3328 843 3365 sunt,
861 3335 935 3367 quae
946 3325 1029 3358 libro
1043 3334 1129 3358 nono
1145 3325 1185 3358 de

157 3370 373 3404 Amazonibus
386 3369 540 3401 narravit.

981 168 1046 207 DE
1073 163 1294 204 EPRORO.

1175 273 1178 275 Δ
1200 260 1359 301 ornata,
1381 264 1606 300 numerosa;
1629 251 1747 290 stmul
1765 264 1860 290 vero
1889 251 2032 289 dicitur
2052 251 2218 301 diffusa,

1202 311 1341 350 robore
1361 321 1400 350 et
1420 312 1546 350 nervis
1562 311 1761 358 destituta,
1776 312 1957 361 resupina
1973 311 2221 362 languescens

1197 371 1400 422 jejunitate
1419 371 1488 424 (9).
1521 376 1622 410 Dum
1643 373 1682 409 in
1701 371 1920 416 Herodoto,
1940 372 2165 421 Thucydide
2183 380 2223 410 et

1202 431 1464 482 Xenophonte
1489 431 1724 468 admiramur
1749 443 1967 468 sermonem
1999 431 2130 477 illum,
2155 431 2224 481 qui

1204 499 1343 541 sponte
1364 490 1471 540 quasi
1493 490 1684 541 profluere
1703 489 1866 535 videtur,
1887 503 1965 539 quo
1985 503 2045 527 res
2065 490 2117 527 ita
2136 504 2225 527 nar-

1206 557 1360 597 rantur,
1381 557 1424 586 ut
1445 557 1639 600 spectator
1659 548 1707 585 iis
1734 548 1920 585 interesse
1948 549 2130 595 vi‹learis;
2146 549 2225 586 vim

1207 608 1454 646 dramaticam
1486 616 1525 644 et
1553 607 1766 654 mimicam,
1792 619 1867 656 qua
1899 606 1948 643 ad
1985 607 2108 657 ipsius
2141 607 2227 645 vitae

1207 667 1410 704 veritatem
1430 667 1561 704 omnia
1585 666 1876 716 exprimuntur,
1896 679 1983 715 quae
2003 680 2076 717 pro
2100 667 2229 704 consi-

1208 726 1351 763 liorum
1387 725 1574 762 varietate
1611 733 1648 762 et
1683 738 1756 775 pro
1791 724 1941 761 diversa
1976 739 2230 775 personarum

1209 785 1398 822 sentiendi
1423 784 1699 834 judicandique
1728 783 1878 820 ratione
1907 783 2025 821 habet
2049 785 2229 824 sublimi-

1213 852 1325 882 tatem
1340 871 1352 888 ,
1372 844 1596 893 gravitatem
1613 871 1622 889 ‚
1643 841 1922 890 urbanitatem
1946 841 2015 880 ubi
2034 856 2094 882 res
2114 845 2232 883 maxi-

1212 899 1282 941 mae
1313 903 1594 953 simplicissime
1616 909 1837 950 narrantur,
1860 910 1898 939 et
1925 911 2050 941 tamen
2078 917 2233 945 omnem

1213 975 1345 1000 earum
1375 963 1560 999 sentimus
1591 960 1923 1011 magnitudinem;
1955 961 2046 1000 dum
2077 965 2115 1002 in
2146 966 2232 1014 his,

1214 1023 1295 1067 aio,
1326 1021 1514 1059 orationis
1547 1019 1693 1067 ἀλήθεια
1730 1028 1768 1058 et
1797 1018 1986 1067 πιθανότης
2017 1029 2056 1059 et
2079 1021 2235 1072 ἁπλότης

1216 1079 1474 1131 praedicantur
1498 1095 1506 1116 :
1529 1079 1568 1116 in
1599 1079 1720 1116 altero
1744 1079 1810 1117 illo
1833 1079 2067 1130 scriptorum
2095 1095 2236 1132 genere

1215 1153 1264 1177 ex
1293 1139 1472 1177 Isocratis
1503 1138 1739 1177 umbraculis
1765 1139 1961 1190 profecto,
1980 1154 2133 1192 semper
2156 1143 2238 1183 fere

1217 1197 1484 1249 reperiebatur
1523 1198 1671 1236 fucatus
1707 1199 1894 1237 orationis
1926 1200 2055 1247 nitor,
2088 1214 2239 1243 summa

1218 1267 1418 1297 structurae
1440 1267 1478 1295 et
1504 1258 1754 1308 periodorum
1788 1260 1972 1307 artificia,
1998 1262 2112 1299 anxia
2137 1263 2240 1302 circa

1219 1318 1430 1357 verborum
1459 1317 1736 1355 abundantiam
1767 1318 1995 1368 trepidatio,
2011 1322 2143 1360 omnia
2165 1323 2239 1362 de-

1220 1380 1337 1428 nique
1373 1377 1554 1414 dictionis
1590 1376 1811 1428 lenocinia,
1846 1391 1932 1428 quae
1962 1378 2144 1419 lectorem
2180 1383 2241 1420 vel

1221 1439 1416 1476 nolentem
1446 1436 1494 1474 ad
1515 1437 1684 1474 auctoris
1716 1438 1946 1475 sententiam
1977 1439 2175 1489 pelliciant
2203 1450 2243 1480 et

1223 1498 1256 1535 vi
1279 1496 1493 1534 traducant.
1523 1496 1663 1533 omnia
1685 1495 1739 1533 ibi
1762 1497 1988 1546 explanata,
2011 1502 2243 1549 argumentis

1223 1559 1503 1603 demonstrata,
1534 1556 1630 1594 nihil
1664 1558 1918 1608 relinquitur,
1951 1553 2029 1610 quo
2062 1569 2130 1599 tuo
2159 1562 2244 1613 ipse

1224 1617 1379 1666 ingenio
1407 1617 1530 1666 possis
1556 1616 1692 1666 agitari
1714 1616 1762 1653 ad
1790 1630 1923 1654 verum
1949 1619 2244 1668 inveniendum3

1226 1689 1284 1713 res
1318 1675 1565 1712 obscuritatis
1603 1675 1725 1724 plenae
1759 1684 1796 1712 et
1833 1677 2072 1727 antiquitatis
2106 1681 2246 1719 canitie

1226 1734 1404 1772 obductae
1434 1734 1486 1771 ita
1514 1742 1737 1784 praeparatae
1764 1734 1922 1782 dantur,
1944 1745 1985 1773 ut
2011 1737 2247 1777 circumcisis

1226 1794 1407 1832 omnibus
1423 1792 1837 1842 ambagibus,lectores
1853 1795 1961 1844 quasi
1977 1796 2113 1834 nucleo
2121 1797 2249 1835 fruan-

1228 1865 1303 1902 tur,
1316 1855 1512 1905 putamina
1525 1854 1792 1904 relinquantur
1802 1854 1896 1892 aliis.
1909 1855 2009 1893 Fieri
2021 1870 2097 1894 non
2108 1859 2248 1909 potuit,

1227 1914 1320 1964 quin
1342 1913 1424 1950 haec
1449 1925 1506 1948 res
1529 1912 1716 1949 tractandi
1747 1921 1785 1950 et
1812 1914 2016 1964 eloquendi
2047 1916 2147 1954 ratio
2181 1930 2251 1968 per

1228 1973 1385 2022 longum
1426 1979 1579 2021 tempus
1611 1985 1631 2009 a
1667 1972 1798 2009 multis
1827 1972 2082 2011 adamaretur.
2113 1976 2252 2026 Neque

1227 2032 1424 2068 meliorem
1446 2030 1625 2081 Ephorus
1640 2030 1764 2068 laudis
1785 2044 1862 2068 suae
1882 2045 2100 2081 praeconem
2117 2043 2253 2072 nactus

1229 2098 1286 2129 est
1317 2103 1432 2140 quam
1453 2088 1653 2138 Polybium
1680 2088 1800 2140 (XII,
1826 2091 1874 2127 28
1892 2092 1984 2128 Exc.
2007 2092 2154 2143 vatic.)
2175 2107 2184 2130 ε
2207 2093 2254 2132 Ὁ

1228 2149 1296 2202 γὰρ
1312 2147 1483 2202 Ἔφορος,
1515 2149 1662 2198 inquit,
1692 2150 1774 2201 παρ’
1793 2146 1879 2195 ὅλην
1909 2147 1973 2195 τὴν
2005 2151 2252 2203 πραγματείαν

1231 2207 1425 2258 θαυμάσιος
1454 2205 1502 2245 ὢν
1524 2206 1584 2245 καὶ
1613 2205 1705 2244 κατὰ
1734 2205 1797 2252 τὴν
1827 2207 1953 2260 φράσιν
1986 2208 2047 2247 καὶ
2074 2209 2166 2248 κατὰ
2193 2210 2253 2249 τὸν

1230 2265 1412 2320 χειρισμὸν
1445 2266 1507 2304 καὶ
1539 2263 1631 2303 κατὰ
1659 2264 1722 2311 τὴν
1764 2264 1919 2303 ἐπίνοιαν
1952 2268 2021 2304 τῶν
2054 2268 2254 2319 λημμάτων

1232 2326 1426 2369 δεινότατός
1453 2327 1547 2364 ἐστιν
1578 2326 1613 2363 ἐν
1641 2329 1717 2367 ταῖς
1739 2323 1983 2377 παρεκὸάσεσι
2010 2325 2071 2364 καὶ
2089 2333 2166 2371 ταῖς
2195 2329 2255 2381 ἀφ’

1233 2388 1336 2424 αὑτοῦ
1365 2384 1644 2437 γνωμολογίαις,
1664 2384 1724 2423 καὶ
1757 2384 1961 2431 συλλήὸδην
1988 2384 2071 2424 ὅταν
2099 2402 2169 2425 που
2197 2387 2254 2426 τὸν

1233 2447 1487 2498 ἐπιμετροῦντα
1505 2443 1608 2495 λόγον
1623 2443 1830 2489 διατιθῆται.
1851 2443 1952 2482 Κατὰ
1976 2443 2015 2482 δέ
2029 2460 2108 2483 τινα
2131 2461 2256 2484 συντυ-

1233 2504 1314 2557 χίαν
1335 2503 1570 2558 εὐχαρίστατα
1596 2501 1656 2539 καὶ
1675 2500 1902 2539 πιθανώτατα
1920 2501 2000 2555 περὶ
2021 2505 2085 2549 τῆς
2109 2503 2257 2558 συγκρί-

1236 2578 1322 2605 σεως
1338 2561 1455 2615 εἴρηκε
1472 2559 1551 2614 περὶ
1566 2561 1636 2597 τῶν
1651 2558 1925 2613 ἱστοριογράφων
1946 2560 2005 2599 καὶ
2030 2562 2256 2615 λογογράφων

1235 2623 1300 2667 (cf.
1322 2620 1456 2659 Timaei
1472 2619 1517 2656 fr.
1539 2618 1616 2669 55).
1638 2620 1780 2655 Contra
1806 2619 1878 2656 alia
1900 2620 2012 2669 plane
2030 2621 2144 2658 sentit
2163 2624 2260 2659 Her·

1236 2692 1417 2731 mogenes
1450 2680 1510 2715 De
1537 2677 1686 2714 Formis
1718 2684 1816 2715 orat.
1846 2685 1936 2714 tom.
1971 2681 2046 2725 ΙΙΙ,
2074 2690 2112 2728 p.
2149 2678 2256 2728 395:

1237 2738 1326 2791 Περὶ
1347 2736 1382 2776 δὲ
1407 2734 1622 2786 Θεοπόμπου
1649 2733 1707 2772 καὶ
1730 2734 1879 2788 Ἐφόρου
1896 2735 1955 2774 καὶ
1976 2734 2185 2775 Ἑλλανίκου
2199 2736 2257 2777 καὶ

1237 2797 1410 2838 Φιλίστου
1442 2794 1503 2835 καὶ
1533 2797 1603 2832 τῶν
1633 2793 1764 2844 ὁμοίων
1796 2793 1928 2837 τούτοις
1960 2795 2120 2847 περιττὸν
2146 2795 2259 2842 ἔδοξεν

1237 2850 1326 2895 εἷναί
1344 2870 1402 2906 μοι
1420 2854 1564 2907 γράφειν
1634 2851 1687 2890 ὅτι
1711 2851 1815 2898 ζήλου
1836 2852 1896 2890 καὶ
1915 2852 2095 2904 μιμήσεως
2116 2853 2160 2892 τὰ
2184 2853 2258 2902 εἴδη

1237 2918 1306 2954 τῶν
1319 2913 1432 2965 λόγων
1448 2914 1562 2951 αὐτῶν
1583 2913 1621 2950 οὗ
1639 2910 1731 2948 πανύ
1749 2925 1822 2957 τοι,
1838 2912 1970 2961 μᾶλλον
1991 2911 2027 2950 δὲ
2044 2912 2114 2950 οὐδ’
2127 2911 2258 2956 ὅλως...

1238 2974 1384 3021 ἠξίωται
1402 2971 1498 3026 παρὰ
1514 2976 1583 3014 τοῖς
1600 2967 1776 3017 “Έλλησιν
1798 2972 1955 3021 καθάπερ
1977 2969 2021 3008 τὰ
2043 2973 2112 3009 τῶν
2129 2971 2259 3009 ἄλλων·

1280 3087 1325 3127 (9)
1345 3089 1384 3117 V.
1396 3085 1528 3125 Dionys.
1546 3088 1591 3115 De
1603 3091 1745 3122 compos.
1762 3082 1935 3114 verborum
1946 3106 1955 3122 ,
1970 3091 2002 3122 p.
2015 3086 2072 3122 263
2089 3082 2153 3115 cic.
2169 3085 2258 3116 orat.

1240 3144 1269 3167 c.
1285 3138 1337 3174 51,
1352 3135 1390 3165 62
1404 3144 1413 3173 ;
1427 3131 1607 3165 Demetrius
1634 3131 1702 3172 περὶ
1725 3131 1829 3172 ἑρμην.
1845 3129 1864 3171 §
1881 3133 1939 3169 68;
1954 3129 2014 3161 Dio
2041 3129 2260 3171 chrysostom.

1241 3185 1329 3215 Orat.
1341 3185 1458 3220 XVIII,
1471 3188 1503 3222 p.
1521 3184 1599 3218 2563
1613 3178 1734 3211 Morell.
1750 3177 1910 3209 Plutarch.
1925 3176 2037 3210 Pericl.
2061 3186 2090 3209 c.
2108 3181 2147 3210 28
2166 3177 2261 3210 εἘπὶ

1241 3231 1273 3262 δὲ
1288 3232 1349 3261 τῶν
1365 3228 1494 3270 Ἐφόρου
1524 3227 1576 3258 καὶ
1595 3225 1783 3265 θεοπὸμπου
1804 3226 1856 3256 καὶ
1876 3225 2082 3265 Ἀναξιμένους
2097 3226 2263 3269 ῥητορειῶν

1241 3279 1294 3310 καὶ
1316 3275 1479 3319 περιόδων,
1493 3274 1528 3311 ἃς
1539 3272 1735 3315 περαίνουσιν
1750 3271 1960 3308 ἐξοπλίσαντες
1985 3271 2023 3303 τὰ
2050 3272 2264 3315 στρατεύματα

1240 3325 1294 3357 καὶ
1315 3321 1538 3365 παρατάξαντες
1555 3320 1638 3352 ἐστιν
1655 3320 1766 3352 εἰπεῖν·
1798 3319 1932 3355 «Οὐδεὶς
1946 3319 2073 3361 σιδήρου
2085 3322 2182 3351 ταῦτα
2201 3330 2264 3360 μω·

1241 3371 1335 3414 ραίνει
1349 3370 1479 3406 πέλοις.»
