2320 3684
151 189 226 222 232

152 272 211 322 ῥου
230 269 336 308 πάλιν
363 269 469 324 φησὶ,
491 268 571 313 τοὺς
594 268 792 319 Ῥωμαίους
823 268 875 307 ἔτι
897 271 957 307 νῦν
981 268 1175 320 ὑπόμνημα

151 326 379 379 ποιουμένους
397 330 460 374 τῆς
479 325 571 365 κατὰ
589 326 630 364 τὸ
647 325 754 365 Ἴλιον
776 324 952 370 ἀπωλείας
967 357 977 374 ,
1003 328 1038 365 ἐν
1058 326 1175 381 ἡμέρᾳ

151 386 219 425 τινὶ
238 386 499 430 κατακοντίζειν
522 384 629 423 ἵππον
648 383 865 436 πολεμιστὴν
879 385 947 439 πρὸ
964 388 1027 433 τῆς
1042 385 1175 431 πόλεως

151 446 187 483 ἐν
205 447 256 498 τῷ
281 444 428 497 Κάμπῳ
456 443 660 496 καλουμένῳ
675 473 685 491 ,
717 441 775 481 διὰ
805 442 846 481 τὸ
867 446 930 490 τῆς
955 444 1085 497 Τροίας
1110 444 1174 492 τὴν

151 504 281 542 ἅλωσιν
299 501 355 541 διὰ
372 502 430 541 τὸν
453 501 558 540 ἵππον
575 500 735 552 γενέσθαι
758 500 816 539 τὸν
840 500 973 556 δούριον
995 517 1176 556 προσαγο-

152 561 353 615 ρευόμενον·
377 566 525 614 πρᾶγμα
555 559 695 597 πάντων
711 559 1067 614 παιδαριωδέστατον·
1085 560 1175 600 οὕτω

151 619 216 672 μὲν
233 619 301 673 γὰρ
318 618 433 666 δεήσει
449 618 583 662 πάντας
595 617 674 662 τοὺς
694 619 890 673 βαρὸάρους
907 619 1019 671 λέγειν
1040 620 1174 674 Τρώων

151 678 341 730 ἀπογόνους
378 677 550 731 ὑπάρχειν
563 691 571 700 ·
597 677 721 731 σχεδὸν
738 677 807 732 γὰρ
831 678 975 726 πάντες,
994 681 1023 718 εἰ
1056 678 1093 718 δὲ
1110 679 1173 731 μὴ,

153 736 243 788 οἵγε
256 735 416 786 πλείους,
430 735 512 775 ὅταν
535 735 558 783 ἢ
575 738 741 788 πολεμεῖν
760 736 934 788 μέλλωσιν
952 737 987 783 ἐξ
1005 740 1133 792 ἀρχῆς,
1151 738 1173 786 ἢ

151 795 416 834 διακινδυνεύειν
436 795 521 851 πρός
540 812 636 840 τινας
649 797 861 850 ὁλοσχερῶς,
877 796 984 836 ἵππον
1003 797 1175 851 προθύον-

149 871 208 894 ται
226 854 288 893 καὶ
307 854 577 908 σφαγιάζονται,
593 855 839 907 σημειούμενοι
854 854 894 894 τὸ
912 856 1038 906 μέλλον
1055 859 1094 895 ἐκ
1113 860 1175 904 τῆς

148 917 210 952 τοῦ
230 912 318 967 ζῴου
330 912 508 958 πτώσεως.

149 1035 623 1076 OLYMPIONICARUM
667 1037 738 1076 UT
774 1037 1006 1078 VIDETUR
1049 1039 1173 1078 FRA-

546 1095 773 1135 GMENTA.

622 1158 707 1197 152.

205 1217 402 1258 Censorin.
426 1219 484 1254 De
501 1215 564 1254 die
583 1224 660 1254 nat.
680 1231 711 1254 c.
735 1230 803 1254 21:
821 1219 929 1255 Nunc
952 1231 1039 1254 vero
1059 1220 1099 1254 id
1114 1222 1173 1254 in-

150 1278 337 1312 tervallum
359 1279 530 1326 temporis
557 1275 732 1321 tractabo,
749 1277 847 1324 qaod
865 1275 1038 1328 ἱστορικὸν
1058 1279 1174 1312 Varro

148 1337 323 1384 appellat.
338 1337 406 1371 Hic
421 1338 517 1370 enim
543 1338 615 1370 tria
639 1336 848 1370 discrimina
875 1343 1075 1383 temporam
1099 1348 1175 1371 esse

150 1394 274 1430 tradit.
304 1394 484 1438 Primum,
512 1391 559 1428 ab
584 1393 768 1429 hominum
793 1396 970 1441 principio
993 1394 1046 1428 ad
1068 1402 1175 1430 cata-

147 1454 320 1499 clysmum
331 1456 491 1500 priorem
510 1465 521 1486 :
545 1453 643 1499 qaod
664 1460 817 1501 propter
844 1455 1087 1501 ignorantiam
1111 1465 1177 1488 vo-

941 183 1107 222 TIMAEI
1135 184 1466 227 FRAGMENTA.

1240 274 1395 310 Yi’moeas
1413 274 1585 312 CCCCX
1585 277 1622 311 V
1618 279 1675 314 II.
1695 278 1826 314 Aretes
1852 279 1957 314 DXI
1959 280 2004 324 V,
2023 288 2062 316 et
2069 289 2258 329 proecerea

1233 334 1339 368 multi
1356 334 1504 379 diverse,
1526 348 1677 383 quorum
1697 339 1808 372 etiam
1833 339 1912 385 ipsa
1939 337 2111 373 dissensio
2135 341 2256 375 incer—

1235 399 1310 428 tam
1326 405 1403 429 esse
1417 394 1592 431 declarat.

1290 449 1347 486 Ad
1365 451 1650 502 Olympionicas
1680 453 1812 490 referri
1840 453 1962 504 possit
1990 454 2104 492 etiam
2137 454 2183 494 fr.
2210 456 2259 495 de

1233 509 1410 559 Lycurgo
1437 514 1507 556 47,

1705 569 1790 607 153.

1287 624 1402 663 Clem.
1419 626 1526 664 Alex.
1541 629 1680 666 Strom.
1695 631 1727 675 Ι,
1742 641 1780 678 p.
1798 630 1886 676 403,
1916 628 1939 665 8
1956 631 2081 667 Oxon.
2096 629 2151 680 (p.
2169 631 2259 679 337,

1235 683 1429 732 A.sylb.):
1445 683 1528 723 Ἀπὸ
1544 684 1674 738 Τροίας
1693 683 1855 729 ἁλώσεως
1871 686 1928 724 ἐπὶ
1947 684 2010 733 τὴν
2021 685 2259 740 Ἡρακλειδῶν

1233 739 1378 779 κάθοδον
1394 741 1454 789 ἔτη
1470 742 1592 781 ἑκατὸν
1611 742 1739 792 εἴκοσι,
1758 743 1780 790 ἢ
1796 744 1919 783 ἑκατὸν
1935 743 2159 795 ὀγδοήκοντα,
2177 743 2261 784 Ἀπὸ

1233 798 1355 838 τούτου
1373 801 1430 839 ἐπὶ
1452 802 1639 841 Εὖαίνετον
1659 801 1825 855 ἄρχοντα,
1849 804 1901 857 ἐφ’
1919 798 1959 842 οὗ
1979 819 2082 856 φασιν
2100 802 2262 849 Ἀλέξαν-
2316 806 2318 808 “

1234 857 1312 911 δρον
1329 860 1377 902 εἷς
1396 858 1460 906 τὴν
1478 860 1595 899 Ἀσίαν
1614 860 1800 910 διαὸἧναι,
1835 864 1882 906 ὡς
1914 861 1976 913 μὲν
2001 861 2174 911 Φανείας,
2190 861 2260 910 ’ἔτη

1233 916 1424 956 ἑπτακόσια
1436 917 1633 957 δεκαπέντε·
1646 921 1691 963 ὡς
1708 918 1745 957 δὲ
1760 917 1924 974 ’Έφορος,
1948 919 2141 959 ἑπτακόσια
2157 936 2261 974 τρια-

1233 976 1443 1015 κονταπέντε
1456 993 1464 1001 ·
1488 979 1534 1021 ὡς
1554 977 1590 1016 δὲ
1606 977 1756 1028 Τίμαιος
1774 978 1833 1017 καὶ
1853 979 2071 1032 Κλείταρχος
2082 1009 2092 1028 ,
2108 979 2262 1018 ὀκτακό-

1233 1049 1293 1072 σια
1312 1034 1432 1074 εἴκοσι·
1449 1037 1496 1080 ὡς
1529 1036 1566 1074 δὲ
1584 1036 1860 1090 Ἐρατοσθένης,
1886 1038 2080 1077 ἑπτακόσια
2104 1038 2263 1090 &eon-q-

1231 1092 1504 1147 κοντατέσσαρα.

1707 1154 1792 1192 154.

1959 1213 2177 1229 uuuuu

1288 1212 1414 1249 Schol.
1433 1212 1539 1249 Pind.
1564 1213 1674 1262 Pyth.
1694 1216 1754 1261 ΙΙ,
1777 1216 1896 1253 Inscr.
1921 1218 1985 1268 Τῳ
2013 1230 2108 1267 αυτῳ
2141 1216 2262 1268 Ιερωνι

1234 1268 1384 1322 ἅρματιε
1409 1269 1480 1308 Καὶ
1499 1265 1597 1312 οἶτος
1617 1274 1634 1309 ὃ
1655 1271 1820 1315 ἐπινίκιος
1833 1271 1966 1326 Ἱέρωνι
1982 1272 2263 1326 “ἐπιγέγραπται,

1233 1331 1415 1375 νικήσαντι
1439 1329 1581 1382 ἅρματι.
1601 1328 1749 1376 Ἄδηλον
1770 1330 1829 1379 δὲ,
1847 1333 1894 1375 εἷς
1911 1338 2010 1370 ποῖον
2029 1333 2160 1383 ἀγῶνα.
2179 1334 2264 1371 Διε-

1235 1386 1447 1425 στασίασται
1479 1386 1546 1441 γὰρ
1572 1388 1611 1425 οὔ
1637 1387 1785 1441 μετρίως
1813 1395 1884 1432 τοῖς
1902 1389 1969 1442 πρὸ
1988 1393 2103 1440 ἡμων.
2123 1391 2171 1429 Οἱ
2199 1390 2262 1442 μὲν

1234 1443 1302 1499 γὰρ
1322 1444 1399 1483 οὐδὲ
1419 1445 1506 1489 ὅλως
1524 1445 1627 1484 αὐτόν
1652 1462 1756 1500 φασιν
1783 1448 1950 1487 ἐπινίκιον
1970 1442 2080 1487 εἶναι·
2111 1450 2263 1500 Τίμαιος

148 1519 255 1546 catur
271 1507 411 1555 ἄδηλον.
433 1510 653 1555 Secundum,
686 1523 710 1546 a
728 1512 946 1558 cataclysmo
972 1514 1097 1559 priore
1127 1512 1180 1546 ad
1237 1502 1284 1551 δὲ,
1299 1504 1543 1558 θυσιαστήριον
1559 1506 1627 1557 (sic
1643 1507 1791 1544 Boeckh.
1807 1521 1879 1558 pro
1887 1509 1989 1559 vulg.
2008 1507 2261 1560 χαριστήριον)·

151 1569 404 1616 Olympiadem
423 1572 607 1616 primam,·
626 1569 734 1616 qaod,
757 1572 843 1617 qaia
858 1572 894 1604 in
913 1581 954 1604 eo
977 1571 1093 1605 malta
1105 1567 1169 1618 fa-

148 1626 270 1663 balosa
289 1624 510 1675 reseruntur,
547 1625 689 1677 μυθικὸν
718 1629 928 1677 appellatur
934 1642 949 1673 ;
983 1633 1126 1664 tertiam
1153 1642 1178 1665 a

143 1690 266 1733 prima
294 1687 512 1734 Olympiade
535 1687 588 1722 ad
603 1699 681 1731 nos,
716 1687 814 1735 qaod
837 1687 968 1722 dicitur
986 1686 1173 1740 ἱστορικὸν,

147 1748 233 1792 qaia
253 1757 310 1780 res
340 1748 377 1780 in
409 1757 449 1780 eo
483 1754 598 1795 gestoe
619 1749 718 1781 veris
752 1746 906 1781 historiis
935 1750 1176 1784 continentur.

147 1804 311 1839 Primam
333 1812 488 1854 tempus,
520 1807 591 1840 sive
618 1803 747 1840 habuit
767 1808 923 1849 initium,
947 1809 1018 1840 sive
1036 1818 1174 1854 semper

139 1859 232 1905 ficit,
249 1870 345 1896 corte
363 1869 451 1909 quot
476 1874 657 1898 annorum
692 1866 752 1908 sit,
779 1876 852 1898 non
866 1871 993 1911 potest
1011 1877 1177 1912 compre-

146 1919 267 1956 hendi.
285 1919 488 1955 Secundum
512 1933 584 1956 non
594 1923 713 1969 plane
731 1922 875 1970 quidem
891 1925 1013 1967 scitur,
1033 1923 1101 1957 sed
1114 1931 1175 1958 ta—

147 1989 231 2012 men
248 1978 300 2013 ad
315 1980 413 2013 mille
425 1982 565 2014 circiter
579 1987 619 2015 et
633 1980 707 2015 DC
721 1993 839 2015 annos
857 1992 933 2016 esse
955 1981 1122 2016 creditur.
1141 1982 1178 2017 Α

143 2039 264 2084 priore
274 2038 407 2072 scilicet
416 2039 647 2085 cataclysmo,
663 2051 769 2086 quem
786 2039 962 2088 Ogygiam
978 2039 1115 2084 dicant,
1129 2040 1180 2075 ad

146 2095 278 2130 Inachi
295 2108 444 2145 regnum
459 2101 552 2132 anni
568 2101 709 2133 circiter
722 2097 864 2142 CCCC,
884 2098 966 2133 hinc
980 2099 1033 2133 ad
1048 2099 1178 2145 Olym—

146 2160 295 2207 piadem
311 2163 476 2208 primam
496 2162 623 2208 paullo
645 2162 734 2210 plus
760 2161 901 2198 CCCC.
942 2162 1040 2208 Quos
1069 2163 1173 2206 solos,

146 2221 309 2265 quamvis
325 2218 472 2264 mythici
492 2222 661 2267 temporis
665 2228 883 2267 postremos,
904 2228 1027 2256 tamen
1046 2223 1132 2268 qaia
1153 2233 1178 2255 a

147 2279 322 2311 memoria
339 2280 550 2325 scriptoram
567 2281 768 2325 proximos,
797 2279 944 2326 quidam
963 2284 1093 2314 certius
1110 2279 1178 2314 ‹le-

141 2334 257 2381 finire
275 2337 481 2371 voluerant.
501 2338 556 2372 Et
575 2337 718 2384 quidem
738 2337 895 2373 Sosibius
913 2341 1067 2386 scripsit,
1102 2350 1178 2373 esse

151 2392 294 2430 CCCX
293 2393 324 2429 C
328 2395 371 2430 V.
392 2395 652 2431 Eratosthenes
667 2404 805 2441 autem,
824 2405 960 2444 septem
980 2405 1018 2432 ct
1035 2396 1176 2433 CCCC.

149 2504 281 2542 captum
297 2502 395 2534 Ilium
410 2506 716 2544 commemorantes,
733 2504 785 2536 die
801 2505 940 2545 quadam
952 2505 1068 2545 ⁸iaculis
1084 2504 1179 2537 confi-

150 2557 224 2589 gere
247 2548 359 2580 solitos
384 2549 571 2581 bellatorem
593 2559 714 2593 equum
739 2554 814 2583 ante
835 2552 948 2583 urbem
968 2552 1001 2583 in
1024 2561 1062 2584 eo
1084 2552 1175 2592 loco,

149 2595 204 2636 qui
232 2596 375 2636 Campus
401 2596 541 2636 dicitur,
569 2599 737 2638 propterea
752 2598 837 2638 quod
862 2599 957 2639 Troja
972 2599 1049 2630 olim
1073 2599 1178 2639 ligneo

152 2652 236 2684 equo
253 2646 347 2684 capta
362 2643 469 2676 suerit.
485 2646 544 2676 Est
559 2647 667 2676 autem
683 2646 855 2678 affirmatio
872 2647 942 2678 haec
957 2647 1050 2688 plane
1074 2647 1178 2688 pueri-

149 2690 202 2721 lis.
223 2689 276 2722 Sic
291 2691 377 2722 enim
407 2692 569 2732 oporteret
589 2700 702 2724 omnes
716 2692 869 2724 barbaros
891 2693 1102 2733 Trojanorum
1127 2702 1178 2734 po-

153 2739 256 2769 steros
273 2737 430 2778 appellare
449 2747 456 2769 :
481 2738 589 2770 cuncti
603 2738 701 2778 enim,
719 2739 771 2771 vel
787 2742 873 2772 certe
889 2739 1051 2780 plerique,
1075 2748 1177 2780 quum

153 2783 205 2814 vel
217 2783 337 2815 bellum
354 2783 536 2825 suscipiunt
550 2809 559 2825 ,
576 2785 627 2817 vel
642 2786 791 2826 praelium
806 2786 958 2818 omnibus
982 2786 1084 2827 copiis
1103 2795 1177 2818 eum

153 2828 261 2870 aliquo
274 2830 479 2862 commissuri
493 2833 579 2867 sunt,
605 2841 688 2873 equo
696 2842 780 2865 caeso
792 2833 897 2874 litant,
906 2835 1022 2866 utrem
1036 2834 1178 2866 futuram

151 2884 191 2907 ex
209 2876 283 2917 equi
302 2885 380 2908 casu
400 2877 558 2910 divinent.

180 2970 655 3012 OLYMPIONICARUM
679 2973 750 3013 UT
773 2975 1005 3015 VIDETUR
1023 2977 1149 3015 FRA—

547 3034 778 3074 GMENTA.

196 3136 224 3166 A
239 3135 334 3174 Troja
348 3138 442 3177 capta
457 3138 495 3169 ad
514 3138 703 3171 descensum
721 3140 974 3181 Heraclidarum‚
995 3150 1098 3174 annos
1110 3150 1179 3174 cen-

155 3182 226 3211 tum
242 3180 380 3219 viginti,
399 3182 451 3213 vel
464 3186 594 3215 centum
607 3186 782 3226 octoginta.
801 3187 852 3220 Ab
865 3197 903 3220 eo
920 3197 1022 3229 usque
1036 3188 1077 3220 ad
1089 3191 1178 3221 Euae-

157 3228 270 3258 netum
290 3228 427 3259 Athenis
445 3238 610 3263 summum
634 3237 797 3273 gerentem
820 3236 1045 3276 magistratum
1060 3259 1069 3275 ,
1087 3238 1178 3278 cujus

157 3276 302 3314 tempore
320 3274 433 3307 dicunt
445 3277 662 3310 Alexandrum
678 3281 842 3321 traJecisse
860 3282 894 3314 in
910 3283 1032 3323 Asiam,
1051 3284 1087 3315 ut
1102 3284 1178 3315 Pha-

157 3324 229 3356 nias
249 3325 398 3366 quidem‚
423 3328 499 3359 anni
516 3330 711 3370 septingenti
733 3333 916 3373 quindecim
935 3344 942 3365 :
966 3336 1004 3366 ut
1027 3335 1178 3376 Ephorus

157 3373 275 3412 autem,
291 3374 482 3415 septingenti
498 3376 625 3416 triginta
641 3379 797 3420 quinque:
813 3382 849 3413 ut
863 3383 970 3413 autem
989 3382 1131 3414 Timaeus
1145 3384 1178 3414 et

1237 1563 1470 1616 Καλλίμαχος
1484 1563 1539 1613 δὲ,
1558 1564 1816 1616 Ὀλυμπιακόν,
1836 1574 1907 1604 etc.

1710 1625 1796 1662 155.

1290 1680 1396 1718 Idem
1432 1681 1481 1718 ad
1506 1684 1614 1721 Nem.
1638 1684 1653 1718 1
1683 1683 1822 1720 insen:
1843 1682 1994 1733 Τίμαιος
2010 1689 2068 1722 τὸν
2094 1683 2263 1725 ἐπινίκιον

1237 1737 1458 1789 Ὀλυμπικὸν
1478 1732 1567 1777 εἶναι
1586 1739 1707 1778 τοῦτόν
1739 1756 1857 1794 φησιν,
1878 1742 2100 1795 ἁμαρτάνων.
2130 1742 2176 1781 ‘O
2195 1741 2264 1796 γὰρ

1238 1795 1411 1849 Πίνδαρος
1427 1795 1589 1850 ἄντικρυς
1613 1798 1809 1849 Νεμειακὸν
1836 1799 1939 1838 αὐτὸν
1967 1793 2055 1838 εἶναί
2084 1815 2187 1852 φησιν
2212 1802 2262 1852 (v.

1239 1856 1274 1902 8⁷
1297 1854 1350 1905 9)“

1237 1941 1335 1981 Ἄρμα
1349 1941 1375 1971 δ’
1390 1940 1505 1983 ὀτρύνει
1520 1941 1658 1984 Χρομίου
1672 1942 1774 1983 Νεμέα
1790 1943 1816 1974 τ’
1839 1942 1985 1984 ἔργμασιν
2000 1943 2184 1987 νικαφόροις,
2199 1945 2260 1977 ete.

1358 2081 1687 2121 FRAGMENTA
1718 2081 1863 2122 SEDIS
1886 2082 2139 2122 INCERTAE.

1707 2153 1792 2193 156.

1290 2217 1426 2255 AElian.
1444 2220 1492 2256 H.
1504 2222 1544 2256 A.
1565 2220 1694 2263 XVII,
1719 2217 1764 2254 15
1779 2232 1786 2253 :
1808 2218 1961 2268 Τίμαιος
1975 2216 2011 2255 δὲ
2031 2219 2090 2255 καὶ
2106 2218 2262 2264 Νεοκλῆς

1237 2279 1255 2315 ὁ
1275 2276 1389 2330 ἰατρὸς
1405 2275 1545 2327 λέγουσι
1560 2275 1622 2319 τὰς
1639 2274 1768 2329 φρύνας
1788 2275 1847 2315 δύο
1863 2275 1984 2323 ἥπατα
2013 2277 2107 2330 ἔχειν
2120 2292 2128 2300 ·
2149 2276 2208 2315 καὶ
2223 2276 2264 2315 τὸ

1238 2334 1301 2386 μὲν
1317 2334 1546 2384 ἀποκτείνειν,
1566 2333 1606 2373 τὸ
1626 2334 1663 2373 δὲ
1686 2334 1819 2374 ἐκείνου
1835 2334 2026 2388 πεφυκέναι
2047 2334 2237 2374 ἀντίπαλον
2251 2351 2260 2359 ·

1239 2393 1359 2438 σώζειν
1374 2394 1454 2447 γάρ.

1240 2504 1421 2536 Clitarchus
1435 2527 1444 2543 ‚
1458 2504 1632 2545 octingenti
1649 2504 1760 2545 viginti
1775 2515 1783 2536 :
1802 2507 1837 2536 ut
1852 2504 1991 2545 denique
2010 2504 2239 2536 Eratosthenes
2255 2525 2264 2533 .

1239 2551 1433 2592 septingenti
1450 2551 1652 2592 septuaginta
1668 2554 1818 2592 quatuor.

1712 2607 1724 2637 1
1737 2606 1799 2638 54.

1279 2660 1386 2690 Etiam
1399 2658 1498 2690 hocce
1513 2666 1640 2689 carmen
1655 2657 1829 2698 epinicium
1849 2670 1864 2684 «
1879 2658 2020 2689 Hieroni
2035 2669 2051 2684 »
2067 2656 2262 2695 inscribitur,

1238 2705 1294 2745 qui
1311 2713 1407 2735 curru
1420 2704 1590 2735 victoriam
1609 2704 1803 2744 reportavit,
1825 2713 1890 2745 quo
1908 2712 1986 2735 vero
2001 2703 2079 2735 ludo
2096 2712 2160 2735 non
2183 2703 2262 2736 satis

1238 2752 1351 2792 liquet.
1376 2751 1479 2783 Valde
1505 2751 1591 2783 enim
1613 2751 1815 2792 discrepant,
1839 2751 1896 2791 qui
1920 2752 2076 2782 antenus
2097 2750 2137 2782 de
2152 2750 2213 2781 hac
2228 2757 2263 2782 re
2313 2782 2316 2785 ,

1238 2801 1380 2839 egerunt.
1411 2799 1493 2829 Sunt
1508 2798 1624 2837 etiam,
1648 2798 1704 2837 qui
1732 2798 1866 2829 omnino
1897 2799 2012 2837 negent
2037 2805 2168 2828 carmen
2191 2804 2263 2828 esse
2290 2827 2291 2830 ,

1238 2844 1424 2885 epinicium.
1439 2843 1582 2875 Timaeus
1598 2843 1630 2874 in
1648 2844 1812 2876 sacrificiis
1830 2844 1871 2876 ad
1890 2843 1989 2875 altare
2005 2845 2172 2876 cantatum
2190 2850 2262 2876 esse

1238 2891 1326 2931 dicit,
1342 2890 1559 2923 Callimachus
1574 2899 1650 2922 vero
1666 2890 1908 2931 olympiacum,
1924 2893 1986 2922 etc.

1707 2950 1794 2982 155.

1281 3003 1422 3034 Timaeus
1434 3002 1497 3033 hoc
1512 3001 1685 3042 epinicium
1703 3001 1926 3042 olympiacum
1943 3009 2015 3033 esse
2030 3000 2132 3039 dicit3
2148 3000 2258 3041 quain

1238 3059 1272 3082 re
1284 3050 1418 3089 fallitur,
1434 3057 1510 3080 nam
1524 3048 1682 3080 Pindarus
1698 3052 1811 3080 contra
1821 3050 1978 3080 Nemeum
1993 3056 2064 3080 esse
2073 3047 2163 3079 dicit.

1639 3116 1858 3131 quo——

1372 3167 1684 3204 FRAGMENTA
1713 3144 1853 3203 sisois
1875 3167 2125 3204 INCERTAE.

1710 3235 1796 3268 156.

1279 3288 1422 3320 Timaeus
1438 3290 1471 3319 et
1487 3286 1619 3319 Neocles
1633 3286 1778 3318 medicus
1797 3286 1925 3318 rubetas
1940 3286 2054 3319 dicunt
2074 3286 2139 3318 duo
2151 3287 2258 3328 jecora

1238 3335 1355 3367 habere
1366 3359 1375 3374 ,
1390 3342 1530 3375 quorum
1544 3334 1680 3366 alterum
1701 3333 1844 3373 occidat,
1861 3334 1997 3366 alterum
2015 3333 2061 3365 illi
2085 3333 2256 3366 adversans

1239 3383 1374 3415 salutem
1392 3381 1514 3413 afferat.
