<?xml version="1.0" encoding="UTF-8"?>
<!DOCTYPE html PUBLIC "-//W3C//DTD XHTML 1.0 Transitional//EN"
    "http://www.w3.org/TR/xhtml1/DTD/xhtml1-transitional.dtd">
<html xmlns="http://www.w3.org/1999/xhtml" xml:lang="en" lang="en">
 <head>
  <title>
</title>
<meta http-equiv="Content-Type" content="text/html;charset=utf-8" />
  <meta name='ocr-system' content='tesseract 3.04.00' />
  <meta name='ocr-capabilities' content='ocr_page ocr_carea ocr_par ocr_line ocrx_word'/>
</head>
<body>
  <div class='ocr_page' id='page_1' title='image "./fragmentahistori01mueluoft_0437.png"; bbox 0 0 2320 3684; ppageno 0'>
   <div class='ocr_carea' id='block_1_1' title="bbox 737 138 1401 182">
    <p class='ocr_par' dir='ltr' id='par_1_1' title="bbox 737 138 1401 182">
     <span class='ocr_line' id='line_1_1' title="bbox 737 138 1401 182; baseline -0.006 0"><span class='ocrx_word' id='word_1_1' title='bbox 737 141 1035 182; x_wconf 85' lang='lat' dir='ltr'><strong>PHYLARCHI</strong></span> <span class='ocrx_word' id='word_1_2' title='bbox 1064 138 1401 180; x_wconf 85' lang='lat' dir='ltr'><strong>FRAGMENTA.</strong></span> 
     </span>
    </p>
   </div>
   <div class='ocr_carea' id='block_1_2' title="bbox 10 227 1047 468">
    <p class='ocr_par' dir='ltr' id='par_1_2' title="bbox 10 227 1047 468">
     <span class='ocr_line' id='line_1_2' title="bbox 10 227 1043 292; baseline -0.013 -13"><span class='ocrx_word' id='word_1_3' title='bbox 10 242 43 279; x_wconf 76' lang='grc' dir='ltr'>οἱ</span> <span class='ocrx_word' id='word_1_4' title='bbox 62 236 335 292; x_wconf 81' lang='grc' dir='ltr'>παραγινόμενοι</span> <span class='ocrx_word' id='word_1_5' title='bbox 351 235 421 273; x_wconf 76' lang='grc' dir='ltr'><strong>τῶν</strong></span> <span class='ocrx_word' id='word_1_6' title='bbox 440 232 610 274; x_wconf 80' lang='grc' dir='ltr'>Γαλατῶν</span> <span class='ocrx_word' id='word_1_7' title='bbox 641 229 711 269; x_wconf 78' lang='grc' dir='ltr'>ἀπὸ</span> <span class='ocrx_word' id='word_1_8' title='bbox 737 231 806 268; x_wconf 75' lang='grc' dir='ltr'><strong>τῶν</strong></span> <span class='ocrx_word' id='word_1_9' title='bbox 835 231 966 280; x_wconf 83' lang='grc' dir='ltr'>κωμῶν</span> <span class='ocrx_word' id='word_1_10' title='bbox 984 227 1043 267; x_wconf 73' lang='grc' dir='ltr'><strong>καὶ</strong></span> 
     </span>
     <span class='ocr_line' id='line_1_3' title="bbox 14 287 1047 343; baseline -0.014 -5"><span class='ocrx_word' id='word_1_11' title='bbox 14 302 85 338; x_wconf 83' lang='grc' dir='ltr'><strong>τῶν</strong></span> <span class='ocrx_word' id='word_1_12' title='bbox 105 297 241 336; x_wconf 85' lang='grc' dir='ltr'>πόλεων</span> <span class='ocrx_word' id='word_1_13' title='bbox 260 293 448 342; x_wconf 81' lang='grc' dir='ltr'>ἀπέλαυον,</span> <span class='ocrx_word' id='word_1_14' title='bbox 478 291 570 330; x_wconf 82' lang='grc' dir='ltr'>ἀλλὰ</span> <span class='ocrx_word' id='word_1_15' title='bbox 599 289 660 328; x_wconf 84' lang='grc' dir='ltr'><strong>καὶ</strong></span> <span class='ocrx_word' id='word_1_16' title='bbox 685 291 717 328; x_wconf 77' lang='grc' dir='ltr'>οἱ</span> <span class='ocrx_word' id='word_1_17' title='bbox 741 287 924 343; x_wconf 84' lang='grc' dir='ltr'>παριόντες</span> <span class='ocrx_word' id='word_1_18' title='bbox 957 287 1047 332; x_wconf 85' lang='grc' dir='ltr'>ξένοι</span> 
     </span>
     <span class='ocr_line' id='line_1_4' title="bbox 14 345 1045 409; baseline -0.014 -12"><span class='ocrx_word' id='word_1_19' title='bbox 14 357 82 397; x_wconf 74' lang='grc' dir='ltr'>ὑπὸ</span> <span class='ocrx_word' id='word_1_20' title='bbox 112 358 182 395; x_wconf 83' lang='grc' dir='ltr'><strong>τῶν</strong></span> <span class='ocrx_word' id='word_1_21' title='bbox 211 351 452 409; x_wconf 81' lang='grc' dir='ltr'>ἐφεστηκότων</span> <span class='ocrx_word' id='word_1_22' title='bbox 473 349 609 389; x_wconf 81' lang='grc' dir='ltr'>παίδων</span> <span class='ocrx_word' id='word_1_23' title='bbox 633 349 697 387; x_wconf 88' lang='grc' dir='ltr'><strong>οὐκ</strong></span> <span class='ocrx_word' id='word_1_24' title='bbox 721 347 888 402; x_wconf 76' lang='grc' dir='ltr'>ἠφίεντο,</span> <span class='ocrx_word' id='word_1_25' title='bbox 921 345 986 390; x_wconf 80' lang='grc' dir='ltr'><strong>ἕως</strong></span> <span class='ocrx_word' id='word_1_26' title='bbox 1005 345 1045 384; x_wconf 82' lang='grc' dir='ltr'><strong>ἂν</strong></span> 
     </span>
     <span class='ocr_line' id='line_1_5' title="bbox 15 406 716 468; baseline -0.014 -12"><span class='ocrx_word' id='word_1_27' title='bbox 15 415 244 468; x_wconf 77' lang='grc' dir='ltr'>μεταλάὸωσι</span> <span class='ocrx_word' id='word_1_28' title='bbox 259 414 328 451; x_wconf 85' lang='grc' dir='ltr'><strong>τῶν</strong></span> <span class='ocrx_word' id='word_1_29' title='bbox 344 406 716 465; x_wconf 77' lang='grc' dir='ltr'>παρασκευασθέντων.</span> 
     </span>
    </p>
   </div>
   <div class='ocr_carea' id='block_1_3' title="bbox 17 464 1046 581">
    <p class='ocr_par' dir='ltr' id='par_1_3' title="bbox 17 464 1046 581">
     <span class='ocr_line' id='line_1_6' title="bbox 67 464 1046 564; baseline -0.011 -51"><span class='ocrx_word' id='word_1_30' title='bbox 67 479 385 564; x_wconf 56' lang='grc' dir='ltr'>Ηοτιιῐυδιὲᾶτῑεηι</span> <span class='ocrx_word' id='word_1_31' title='bbox 401 469 583 521; x_wconf 85' lang='lat' dir='ltr'><strong>repetivit</strong></span> <span class='ocrx_word' id='word_1_32' title='bbox 592 466 815 506; x_wconf 89' lang='lat' dir='ltr'><strong>Eustathius</strong></span> <span class='ocrx_word' id='word_1_33' title='bbox 843 465 891 503; x_wconf 92' lang='lat' dir='ltr'><strong>ad</strong></span> <span class='ocrx_word' id='word_1_34' title='bbox 910 464 1046 515; x_wconf 87' lang='lat' dir='ltr'><strong>Odyss.</strong></span> 
     </span>
     <span class='ocr_line' id='line_1_7' title="bbox 17 529 279 581; baseline -0.011 -14"><span class='ocrx_word' id='word_1_35' title='bbox 17 543 55 581; x_wconf 87' lang='lat' dir='ltr'><strong>p.</strong></span> <span class='ocrx_word' id='word_1_36' title='bbox 84 543 98 566; x_wconf 82' lang='grc' dir='ltr'><strong>ι</strong></span> <span class='ocrx_word' id='word_1_37' title='bbox 109 529 198 576; x_wconf 82' lang='lat'><strong>533,</strong></span> <span class='ocrx_word' id='word_1_38' title='bbox 271 556 279 564; x_wconf 94' lang='lat'><strong>.</strong></span> 
     </span>
    </p>
   </div>
   <div class='ocr_carea' id='block_1_4' title="bbox 11 585 1060 1458">
    <p class='ocr_par' dir='ltr' id='par_1_4' title="bbox 507 585 543 623">
     <span class='ocr_line' id='line_1_8' title="bbox 507 585 543 623; baseline -0.028 0"><span class='ocrx_word' id='word_1_39' title='bbox 507 585 543 623; x_wconf 84' lang='lat'><strong>3.</strong></span> 
     </span>
    </p>

    <p class='ocr_par' dir='ltr' id='par_1_5' title="bbox 18 640 1053 876">
     <span class='ocr_line' id='line_1_9' title="bbox 69 640 1049 697; baseline -0.011 -9"><span class='ocrx_word' id='word_1_40' title='bbox 69 649 274 688; x_wconf 78' lang='lat' dir='ltr'><strong>Athenaeus</strong></span> <span class='ocrx_word' id='word_1_41' title='bbox 290 649 352 694; x_wconf 92' lang='lat' dir='ltr'><strong>X,</strong></span> <span class='ocrx_word' id='word_1_42' title='bbox 377 651 413 694; x_wconf 94' lang='grc'><strong>4,</strong></span> <span class='ocrx_word' id='word_1_43' title='bbox 431 659 470 697; x_wconf 92' lang='lat' dir='ltr'><strong>p.</strong></span> <span class='ocrx_word' id='word_1_44' title='bbox 495 650 586 692; x_wconf 75' lang='lat'>412,</span> <span class='ocrx_word' id='word_1_45' title='bbox 600 646 629 682; x_wconf 82' lang='lat' dir='ltr'>F</span> <span class='ocrx_word' id='word_1_46' title='bbox 647 658 655 681; x_wconf 91' lang='lat'>:</span> <span class='ocrx_word' id='word_1_47' title='bbox 678 640 872 696; x_wconf 85' lang='grc' dir='ltr'>Φύλαρχος</span> <span class='ocrx_word' id='word_1_48' title='bbox 891 640 928 680; x_wconf 84' lang='grc' dir='ltr'><strong>δέ</strong></span> <span class='ocrx_word' id='word_1_49' title='bbox 944 655 1049 694; x_wconf 85' lang='grc' dir='ltr'>φησιν</span> 
     </span>
     <span class='ocr_line' id='line_1_10' title="bbox 18 701 1051 762; baseline -0.011 -14"><span class='ocrx_word' id='word_1_50' title='bbox 18 711 53 748; x_wconf 82' lang='grc' dir='ltr'><strong>ἔν</strong></span> <span class='ocrx_word' id='word_1_51' title='bbox 75 710 120 761; x_wconf 81' lang='grc' dir='ltr'><strong>τῇ</strong></span> <span class='ocrx_word' id='word_1_52' title='bbox 140 706 241 762; x_wconf 84' lang='grc' dir='ltr'>τρίτῃ</span> <span class='ocrx_word' id='word_1_53' title='bbox 260 707 330 744; x_wconf 84' lang='grc' dir='ltr'><strong>τῶν</strong></span> <span class='ocrx_word' id='word_1_54' title='bbox 350 704 528 758; x_wconf 80' lang='grc' dir='ltr'>Ἱστοριῶν</span> <span class='ocrx_word' id='word_1_55' title='bbox 547 702 606 742; x_wconf 85' lang='grc' dir='ltr'><strong>τὸν</strong></span> <span class='ocrx_word' id='word_1_56' title='bbox 623 701 775 742; x_wconf 86' lang='grc' dir='ltr'>Μίλωνα</span> <span class='ocrx_word' id='word_1_57' title='bbox 790 705 918 755; x_wconf 80' lang='grc' dir='ltr'>ταῦρον</span> <span class='ocrx_word' id='word_1_58' title='bbox 936 715 1051 738; x_wconf 89' lang='grc' dir='ltr'>κατα-</span> 
     </span>
     <span class='ocr_line' id='line_1_11' title="bbox 18 758 1053 824; baseline -0.01 -17"><span class='ocrx_word' id='word_1_59' title='bbox 18 773 139 824; x_wconf 78' lang='grc' dir='ltr'>φαγεῖν</span> <span class='ocrx_word' id='word_1_60' title='bbox 170 764 427 806; x_wconf 81' lang='grc' dir='ltr'>κατακλιθέντα</span> <span class='ocrx_word' id='word_1_61' title='bbox 458 762 527 818; x_wconf 85' lang='grc' dir='ltr'><strong>πρὸ</strong></span> <span class='ocrx_word' id='word_1_62' title='bbox 558 766 619 801; x_wconf 81' lang='grc' dir='ltr'><strong>τοῦ</strong></span> <span class='ocrx_word' id='word_1_63' title='bbox 644 764 766 815; x_wconf 80' lang='grc' dir='ltr'>βωμοῦ</span> <span class='ocrx_word' id='word_1_64' title='bbox 795 764 856 800; x_wconf 75' lang='grc' dir='ltr'><strong>τοῦ</strong></span> <span class='ocrx_word' id='word_1_65' title='bbox 874 759 973 803; x_wconf 86' lang='grc' dir='ltr'>Διός·</span> <span class='ocrx_word' id='word_1_66' title='bbox 1001 758 1053 797; x_wconf 84' lang='grc' dir='ltr'>διὸ</span> 
     </span>
     <span class='ocr_line' id='line_1_12' title="bbox 18 819 959 876; baseline -0.01 -9"><span class='ocrx_word' id='word_1_67' title='bbox 18 827 79 867; x_wconf 71' lang='grc' dir='ltr'><strong>καὶ</strong></span> <span class='ocrx_word' id='word_1_68' title='bbox 95 828 242 873; x_wconf 86' lang='grc' dir='ltr'>ποιῆσαι</span> <span class='ocrx_word' id='word_1_69' title='bbox 264 825 310 869; x_wconf 84' lang='grc' dir='ltr'><strong>εἷς</strong></span> <span class='ocrx_word' id='word_1_70' title='bbox 327 822 431 862; x_wconf 82' lang='grc' dir='ltr'>αὐτὸν</span> <span class='ocrx_word' id='word_1_71' title='bbox 448 821 588 876; x_wconf 86' lang='grc' dir='ltr'>Δωριέα</span> <span class='ocrx_word' id='word_1_72' title='bbox 605 821 665 860; x_wconf 83' lang='grc' dir='ltr'><strong>τὸν</strong></span> <span class='ocrx_word' id='word_1_73' title='bbox 682 819 832 868; x_wconf 81' lang='grc' dir='ltr'>ποιητὴν</span> <span class='ocrx_word' id='word_1_74' title='bbox 846 819 931 859; x_wconf 84' lang='grc' dir='ltr'>τάδε</span> <span class='ocrx_word' id='word_1_75' title='bbox 951 835 959 843; x_wconf 91' lang='grc'><em>·</em></span> 
     </span>
    </p>

    <p class='ocr_par' dir='ltr' id='par_1_6' title="bbox 11 897 1060 1458">
     <span class='ocr_line' id='line_1_13' title="bbox 103 897 905 941; baseline -0.01 -6"><span class='ocrx_word' id='word_1_76' title='bbox 103 904 194 939; x_wconf 84' lang='grc' dir='ltr'><strong>Τοῖος</strong></span> <span class='ocrx_word' id='word_1_77' title='bbox 208 901 261 940; x_wconf 81' lang='grc' dir='ltr'><strong>ἔην</strong></span> <span class='ocrx_word' id='word_1_78' title='bbox 276 900 397 940; x_wconf 86' lang='grc' dir='ltr'>Μίλων,</span> <span class='ocrx_word' id='word_1_79' title='bbox 415 899 460 931; x_wconf 71' lang='grc' dir='ltr'><strong>ὅτ’</strong></span> <span class='ocrx_word' id='word_1_80' title='bbox 477 898 541 931; x_wconf 87' lang='grc' dir='ltr'>ἀπὸ</span> <span class='ocrx_word' id='word_1_81' title='bbox 556 897 665 941; x_wconf 84' lang='grc' dir='ltr'>χθονὸς</span> <span class='ocrx_word' id='word_1_82' title='bbox 678 897 774 940; x_wconf 76' lang='grc' dir='ltr'>ἤρατο</span> <span class='ocrx_word' id='word_1_83' title='bbox 790 897 905 939; x_wconf 82' lang='grc' dir='ltr'>βρῖθος,</span> 
     </span>
     <span class='ocr_line' id='line_1_14' title="bbox 165 944 806 992; baseline -0.009 -11"><span class='ocrx_word' id='word_1_84' title='bbox 165 951 309 992; x_wconf 83' lang='grc' dir='ltr'>τετραετῆ</span> <span class='ocrx_word' id='word_1_85' title='bbox 325 946 477 989; x_wconf 82' lang='grc' dir='ltr'>δαμάλην,</span> <span class='ocrx_word' id='word_1_86' title='bbox 491 946 523 978; x_wconf 85' lang='grc' dir='ltr'><strong>ἐν</strong></span> <span class='ocrx_word' id='word_1_87' title='bbox 537 946 610 983; x_wconf 84' lang='grc' dir='ltr'>Διὸς</span> <span class='ocrx_word' id='word_1_88' title='bbox 624 944 806 984; x_wconf 84' lang='grc' dir='ltr'>εἰλαπίναις,</span> 
     </span>
     <span class='ocr_line' id='line_1_15' title="bbox 103 991 827 1037; baseline -0.008 -9"><span class='ocrx_word' id='word_1_89' title='bbox 103 996 201 1037; x_wconf 69' lang='grc' dir='ltr'>ὤμοις</span> <span class='ocrx_word' id='word_1_90' title='bbox 214 995 248 1027; x_wconf 85' lang='grc' dir='ltr'><strong>δὲ</strong></span> <span class='ocrx_word' id='word_1_91' title='bbox 261 998 373 1034; x_wconf 83' lang='grc' dir='ltr'>κτῆνος</span> <span class='ocrx_word' id='word_1_92' title='bbox 389 994 426 1026; x_wconf 88' lang='grc' dir='ltr'><strong>τὸ</strong></span> <span class='ocrx_word' id='word_1_93' title='bbox 440 993 592 1036; x_wconf 86' lang='grc' dir='ltr'>πελώριον</span> <span class='ocrx_word' id='word_1_94' title='bbox 606 994 648 1029; x_wconf 85' lang='grc' dir='ltr'>ὡς</span> <span class='ocrx_word' id='word_1_95' title='bbox 666 992 734 1024; x_wconf 83' lang='grc' dir='ltr'>νέον</span> <span class='ocrx_word' id='word_1_96' title='bbox 748 991 827 1034; x_wconf 82' lang='grc' dir='ltr'>ἄρνα</span> 
     </span>
     <span class='ocr_line' id='line_1_16' title="bbox 164 1040 773 1084; baseline -0.01 -9"><span class='ocrx_word' id='word_1_97' title='bbox 164 1044 292 1084; x_wconf 76' lang='grc' dir='ltr'>ἤνεγκεν</span> <span class='ocrx_word' id='word_1_98' title='bbox 309 1043 348 1074; x_wconf 85' lang='grc' dir='ltr'>δι’</span> <span class='ocrx_word' id='word_1_99' title='bbox 362 1041 434 1080; x_wconf 83' lang='grc' dir='ltr'>ὅλης</span> <span class='ocrx_word' id='word_1_100' title='bbox 446 1043 548 1082; x_wconf 79' lang='grc' dir='ltr'>κοῦφα</span> <span class='ocrx_word' id='word_1_101' title='bbox 563 1040 773 1082; x_wconf 77' lang='grc' dir='ltr'>πανηγύρεως.</span> 
     </span>
     <span class='ocr_line' id='line_1_17' title="bbox 105 1086 931 1132; baseline -0.007 -9"><span class='ocrx_word' id='word_1_102' title='bbox 105 1091 168 1123; x_wconf 83' lang='grc' dir='ltr'><strong>Καὶ</strong></span> <span class='ocrx_word' id='word_1_103' title='bbox 184 1090 299 1132; x_wconf 76' lang='grc' dir='ltr'>θάμὸος</span> <span class='ocrx_word' id='word_1_104' title='bbox 311 1090 378 1131; x_wconf 85' lang='grc' dir='ltr'>μὲν,</span> <span class='ocrx_word' id='word_1_105' title='bbox 396 1088 473 1131; x_wconf 81' lang='grc' dir='ltr'>ἀτὰρ</span> <span class='ocrx_word' id='word_1_106' title='bbox 486 1088 577 1120; x_wconf 80' lang='grc' dir='ltr'>τοῦδε</span> <span class='ocrx_word' id='word_1_107' title='bbox 589 1087 683 1120; x_wconf 86' lang='grc' dir='ltr'>πλέον</span> <span class='ocrx_word' id='word_1_108' title='bbox 696 1087 792 1126; x_wconf 79' lang='grc' dir='ltr'>ἤνυσε</span> <span class='ocrx_word' id='word_1_109' title='bbox 808 1086 912 1127; x_wconf 81' lang='grc' dir='ltr'>θαῦμα</span> <span class='ocrx_word' id='word_1_110' title='bbox 921 1108 931 1126; x_wconf 90' lang='grc'><strong>,</strong></span> 
     </span>
     <span class='ocr_line' id='line_1_18' title="bbox 166 1133 775 1180; baseline -0.007 -11"><span class='ocrx_word' id='word_1_111' title='bbox 166 1137 300 1180; x_wconf 84' lang='grc' dir='ltr'>πρόσθεν</span> <span class='ocrx_word' id='word_1_112' title='bbox 318 1135 468 1175; x_wconf 83' lang='grc' dir='ltr'>Πισαίου,</span> <span class='ocrx_word' id='word_1_113' title='bbox 489 1135 577 1175; x_wconf 84' lang='grc' dir='ltr'>ξεῖνε,</span> <span class='ocrx_word' id='word_1_114' title='bbox 594 1133 775 1172; x_wconf 82' lang='grc' dir='ltr'>θυηπολίου.</span> 
     </span>
     <span class='ocr_line' id='line_1_19' title="bbox 105 1180 934 1227; baseline -0.006 -10"><span class='ocrx_word' id='word_1_115' title='bbox 105 1185 164 1217; x_wconf 90' lang='grc' dir='ltr'>Ὃν</span> <span class='ocrx_word' id='word_1_116' title='bbox 178 1185 237 1227; x_wconf 85' lang='grc' dir='ltr'><strong>γὰρ</strong></span> <span class='ocrx_word' id='word_1_117' title='bbox 251 1184 449 1226; x_wconf 83' lang='grc' dir='ltr'>ἐπόμπευσεν</span> <span class='ocrx_word' id='word_1_118' title='bbox 465 1184 540 1225; x_wconf 80' lang='grc' dir='ltr'>βοῦν</span> <span class='ocrx_word' id='word_1_119' title='bbox 556 1182 682 1224; x_wconf 82' lang='grc' dir='ltr'>ἄζυγον,</span> <span class='ocrx_word' id='word_1_120' title='bbox 698 1182 740 1218; x_wconf 86' lang='grc' dir='ltr'><strong>εἰς</strong></span> <span class='ocrx_word' id='word_1_121' title='bbox 755 1181 831 1224; x_wconf 85' lang='grc' dir='ltr'>κρέα</span> <span class='ocrx_word' id='word_1_122' title='bbox 845 1180 934 1212; x_wconf 85' lang='grc' dir='ltr'>τόνδε</span> 
     </span>
     <span class='ocr_line' id='line_1_20' title="bbox 167 1228 909 1274; baseline -0.007 -10"><span class='ocrx_word' id='word_1_123' title='bbox 167 1232 281 1274; x_wconf 80' lang='grc' dir='ltr'>κόψας,</span> <span class='ocrx_word' id='word_1_124' title='bbox 296 1231 398 1264; x_wconf 88' lang='grc' dir='ltr'>πάντα</span> <span class='ocrx_word' id='word_1_125' title='bbox 410 1231 480 1263; x_wconf 85' lang='grc' dir='ltr'>κατ’</span> <span class='ocrx_word' id='word_1_126' title='bbox 495 1229 548 1262; x_wconf 74' lang='grc' dir='ltr'><strong>οὖν</strong></span> <span class='ocrx_word' id='word_1_127' title='bbox 564 1233 675 1270; x_wconf 83' lang='grc' dir='ltr'>μοῦνος</span> <span class='ocrx_word' id='word_1_128' title='bbox 690 1228 838 1261; x_wconf 84' lang='grc' dir='ltr'>ἐδαίσατό</span> <span class='ocrx_word' id='word_1_129' title='bbox 851 1239 909 1260; x_wconf 89' lang='grc' dir='ltr'>νιν.</span> 
     </span>
     <span class='ocr_line' id='line_1_21' title="bbox 11 1274 1060 1344; baseline -0.008 -13"><span class='ocrx_word' id='word_1_130' title='bbox 11 1340 15 1344; x_wconf 91' lang='lat'><strong>.</strong></span> <span class='ocrx_word' id='word_1_131' title='bbox 78 1296 168 1331; x_wconf 89' lang='lat' dir='ltr'><strong>Duo</strong></span> <span class='ocrx_word' id='word_1_132' title='bbox 187 1304 318 1330; x_wconf 89' lang='lat' dir='ltr'><strong>versus</strong></span> <span class='ocrx_word' id='word_1_133' title='bbox 339 1289 524 1342; x_wconf 86' lang='lat' dir='ltr'>postremi</span> <span class='ocrx_word' id='word_1_134' title='bbox 546 1289 728 1340; x_wconf 86' lang='lat' dir='ltr'><strong>leguntur</strong></span> <span class='ocrx_word' id='word_1_135' title='bbox 747 1288 862 1325; x_wconf 85' lang='lat' dir='ltr'><strong>etiam</strong></span> <span class='ocrx_word' id='word_1_136' title='bbox 878 1274 949 1338; x_wconf 61' lang='lat' dir='ltr'><strong>ap.</strong></span> <span class='ocrx_word' id='word_1_137' title='bbox 977 1289 1060 1324; x_wconf 93' lang='lat' dir='ltr'><strong>Eu—</strong></span> 
     </span>
     <span class='ocr_line' id='line_1_22' title="bbox 26 1345 1060 1401; baseline -0.007 -11"><span class='ocrx_word' id='word_1_138' title='bbox 26 1351 139 1390; x_wconf 85' lang='lat' dir='ltr'><strong>stath.</strong></span> <span class='ocrx_word' id='word_1_139' title='bbox 164 1350 212 1388; x_wconf 87' lang='lat' dir='ltr'><strong>ad</strong></span> <span class='ocrx_word' id='word_1_140' title='bbox 233 1349 304 1389; x_wconf 92' lang='lat' dir='ltr'><strong>Od.</strong></span> <span class='ocrx_word' id='word_1_141' title='bbox 326 1363 363 1401; x_wconf 92' lang='lat' dir='ltr'><strong>p.</strong></span> <span class='ocrx_word' id='word_1_142' title='bbox 391 1349 507 1399; x_wconf 82' lang='lat'>1523,</span> <span class='ocrx_word' id='word_1_143' title='bbox 530 1362 567 1398; x_wconf 90' lang='lat'><strong>9.</strong></span> <span class='ocrx_word' id='word_1_144' title='bbox 589 1351 637 1386; x_wconf 86' lang='lat' dir='ltr'><strong>V.</strong></span> <span class='ocrx_word' id='word_1_145' title='bbox 668 1345 820 1385; x_wconf 82' lang='lat' dir='ltr'><strong>Jacobs.</strong></span> <span class='ocrx_word' id='word_1_146' title='bbox 858 1345 1060 1384; x_wconf 82' lang='lat' dir='ltr'><strong>Animadv.</strong></span> 
     </span>
     <span class='ocr_line' id='line_1_23' title="bbox 27 1409 739 1458; baseline -0.007 -10"><span class='ocrx_word' id='word_1_147' title='bbox 27 1410 75 1448; x_wconf 90' lang='lat' dir='ltr'><strong>ad</strong></span> <span class='ocrx_word' id='word_1_148' title='bbox 94 1409 249 1448; x_wconf 86' lang='lat' dir='ltr'><strong>Anthol.</strong></span> <span class='ocrx_word' id='word_1_149' title='bbox 271 1409 349 1446; x_wconf 89' lang='lat' dir='ltr'><strong>vol.</strong></span> <span class='ocrx_word' id='word_1_150' title='bbox 380 1410 431 1455; x_wconf 93' lang='lat' dir='ltr'><strong>II,</strong></span> <span class='ocrx_word' id='word_1_151' title='bbox 452 1411 492 1446; x_wconf 91' lang='lat' dir='ltr'><strong>P.</strong></span> <span class='ocrx_word' id='word_1_152' title='bbox 508 1410 565 1456; x_wconf 91' lang='grc' dir='ltr'><strong>ΙΙ,</strong></span> <span class='ocrx_word' id='word_1_153' title='bbox 583 1420 623 1458; x_wconf 91' lang='lat' dir='ltr'><strong>p.</strong></span> <span class='ocrx_word' id='word_1_154' title='bbox 653 1419 739 1456; x_wconf 91' lang='lat'>190.</span> 
     </span>
    </p>
   </div>
   <div class='ocr_carea' id='block_1_5' title="bbox 463 1486 638 1498">
    <p class='ocr_par' dir='ltr' id='par_1_7' title="bbox 463 1486 638 1498">
     <span class='ocr_line' id='line_1_24' title="bbox 463 1486 638 1498; baseline -0.011 0"><span class='ocrx_word' id='word_1_155' title='bbox 463 1486 638 1498; x_wconf 40' lang='lat' dir='ltr'><strong>qo*-</strong></span> 
     </span>
    </p>
   </div>
   <div class='ocr_carea' id='block_1_6' title="bbox 31 1535 1068 2173">
    <p class='ocr_par' dir='ltr' id='par_1_8' title="bbox 432 1535 681 1575">
     <span class='ocr_line' id='line_1_25' title="bbox 432 1535 681 1575; baseline -0.004 -1"><span class='ocrx_word' id='word_1_156' title='bbox 432 1535 586 1575; x_wconf 87' lang='lat' dir='ltr'>LIBER</span> <span class='ocrx_word' id='word_1_157' title='bbox 614 1535 681 1575; x_wconf 91' lang='lat' dir='ltr'><strong>IV.</strong></span> 
     </span>
    </p>

    <p class='ocr_par' dir='ltr' id='par_1_9' title="bbox 31 1645 1064 1878">
     <span class='ocr_line' id='line_1_26' title="bbox 84 1645 1063 1700; baseline -0.003 -13"><span class='ocrx_word' id='word_1_158' title='bbox 84 1649 293 1688; x_wconf 82' lang='lat' dir='ltr'><strong>Athenaeus</strong></span> <span class='ocrx_word' id='word_1_159' title='bbox 307 1650 415 1696; x_wconf 88' lang='lat' dir='ltr'>VIII,</span> <span class='ocrx_word' id='word_1_160' title='bbox 430 1648 474 1695; x_wconf 92' lang='lat'><strong>6,</strong></span> <span class='ocrx_word' id='word_1_161' title='bbox 495 1661 533 1698; x_wconf 89' lang='lat' dir='ltr'><strong>p.</strong></span> <span class='ocrx_word' id='word_1_162' title='bbox 546 1648 636 1695; x_wconf 84' lang='lat'><strong>333,</strong></span> <span class='ocrx_word' id='word_1_163' title='bbox 651 1649 686 1685; x_wconf 77' lang='lat' dir='ltr'>A</span> <span class='ocrx_word' id='word_1_164' title='bbox 704 1660 711 1682; x_wconf 94' lang='lat'>:</span> <span class='ocrx_word' id='word_1_165' title='bbox 728 1645 801 1686; x_wconf 75' lang='grc' dir='ltr'><strong>Καὶ</strong></span> <span class='ocrx_word' id='word_1_166' title='bbox 822 1645 1014 1700; x_wconf 87' lang='grc' dir='ltr'>Φύλαρχος</span> <span class='ocrx_word' id='word_1_167' title='bbox 1034 1647 1063 1684; x_wconf 82' lang='grc' dir='ltr'><strong>δ’</strong></span> 
     </span>
     <span class='ocr_line' id='line_1_27' title="bbox 31 1704 1064 1761; baseline -0.005 -13"><span class='ocrx_word' id='word_1_168' title='bbox 31 1709 67 1748; x_wconf 72' lang='grc' dir='ltr'><strong>ἐν</strong></span> <span class='ocrx_word' id='word_1_169' title='bbox 84 1707 234 1761; x_wconf 77' lang='grc' dir='ltr'>τετάρτῃ</span> <span class='ocrx_word' id='word_1_170' title='bbox 252 1705 435 1760; x_wconf 80' lang='grc' dir='ltr'>ἑορακέναι</span> <span class='ocrx_word' id='word_1_171' title='bbox 453 1704 549 1749; x_wconf 79' lang='grc' dir='ltr'>τινὰς</span> <span class='ocrx_word' id='word_1_172' title='bbox 560 1706 743 1758; x_wconf 77' lang='grc' dir='ltr'>πολλαχοῦ</span> <span class='ocrx_word' id='word_1_173' title='bbox 759 1705 818 1744; x_wconf 83' lang='grc' dir='ltr'><strong>τὸν</strong></span> <span class='ocrx_word' id='word_1_174' title='bbox 836 1705 911 1744; x_wconf 85' lang='grc' dir='ltr'>θεὸν</span> <span class='ocrx_word' id='word_1_175' title='bbox 931 1704 1064 1744; x_wconf 79' lang='grc' dir='ltr'>ὕσαντα</span> 
     </span>
     <span class='ocr_line' id='line_1_28' title="bbox 32 1763 1064 1822; baseline -0.004 -16"><span class='ocrx_word' id='word_1_176' title='bbox 32 1765 169 1822; x_wconf 79' lang='grc' dir='ltr'>ἰχθύσι,</span> <span class='ocrx_word' id='word_1_177' title='bbox 188 1763 359 1810; x_wconf 79' lang='grc' dir='ltr'>πολλάκις</span> <span class='ocrx_word' id='word_1_178' title='bbox 379 1763 416 1803; x_wconf 81' lang='grc' dir='ltr'><strong>δὲ</strong></span> <span class='ocrx_word' id='word_1_179' title='bbox 436 1765 496 1803; x_wconf 82' lang='grc' dir='ltr'><strong>καὶ</strong></span> <span class='ocrx_word' id='word_1_180' title='bbox 521 1769 661 1818; x_wconf 86' lang='grc' dir='ltr'>πυροῖς,</span> <span class='ocrx_word' id='word_1_181' title='bbox 686 1766 748 1802; x_wconf 79' lang='grc' dir='ltr'><strong>τοῦ</strong></span> <span class='ocrx_word' id='word_1_182' title='bbox 774 1764 880 1802; x_wconf 78' lang='grc' dir='ltr'>αὐτοῦ</span> <span class='ocrx_word' id='word_1_183' title='bbox 907 1763 1064 1816; x_wconf 77' lang='grc' dir='ltr'>συμὸαί-</span> 
     </span>
     <span class='ocr_line' id='line_1_29' title="bbox 32 1823 524 1878; baseline -0.006 -13"><span class='ocrx_word' id='word_1_184' title='bbox 32 1841 149 1870; x_wconf 86' lang='grc' dir='ltr'>νοντος</span> <span class='ocrx_word' id='word_1_185' title='bbox 167 1824 226 1863; x_wconf 80' lang='grc' dir='ltr'><strong>καὶ</strong></span> <span class='ocrx_word' id='word_1_186' title='bbox 244 1824 302 1863; x_wconf 73' lang='grc' dir='ltr'>ἐπὶ</span> <span class='ocrx_word' id='word_1_187' title='bbox 323 1823 524 1878; x_wconf 83' lang='grc' dir='ltr'>βατράχων.</span> 
     </span>
    </p>

    <p class='ocr_par' dir='ltr' id='par_1_10' title="bbox 35 1881 1068 2173">
     <span class='ocr_line' id='line_1_30' title="bbox 85 1881 1064 1934; baseline -0.001 -12"><span class='ocrx_word' id='word_1_188' title='bbox 85 1887 170 1934; x_wconf 89' lang='lat' dir='ltr'><strong>Qua</strong></span> <span class='ocrx_word' id='word_1_189' title='bbox 189 1884 411 1932; x_wconf 88' lang='lat' dir='ltr'>occasione,</span> <span class='ocrx_word' id='word_1_190' title='bbox 423 1882 660 1933; x_wconf 83' lang='lat' dir='ltr'><strong>Phylarchus</strong></span> <span class='ocrx_word' id='word_1_191' title='bbox 681 1881 795 1933; x_wconf 83' lang='lat' dir='ltr'><strong>hujus</strong></span> <span class='ocrx_word' id='word_1_192' title='bbox 815 1882 872 1920; x_wconf 88' lang='lat' dir='ltr'><strong>rei</strong></span> <span class='ocrx_word' id='word_1_193' title='bbox 894 1883 1064 1921; x_wconf 89' lang='lat' dir='ltr'><strong>mentio-</strong></span> 
     </span>
     <span class='ocr_line' id='line_1_31' title="bbox 35 1941 1066 1993; baseline -0.002 -11"><span class='ocrx_word' id='word_1_194' title='bbox 35 1956 123 1982; x_wconf 90' lang='lat' dir='ltr'><strong>nem</strong></span> <span class='ocrx_word' id='word_1_195' title='bbox 164 1942 318 1990; x_wconf 86' lang='lat' dir='ltr'><strong>fecerit,</strong></span> <span class='ocrx_word' id='word_1_196' title='bbox 334 1941 514 1993; x_wconf 84' lang='lat' dir='ltr'><strong>indigitat</strong></span> <span class='ocrx_word' id='word_1_197' title='bbox 535 1942 739 1993; x_wconf 81' lang='lat' dir='ltr'><strong>Appianus</strong></span> <span class='ocrx_word' id='word_1_198' title='bbox 766 1942 869 1991; x_wconf 86' lang='lat' dir='ltr'><strong>lllyr.</strong></span> <span class='ocrx_word' id='word_1_199' title='bbox 887 1947 932 1986; x_wconf 82' lang='lat'><strong>4:</strong></span> <span class='ocrx_word' id='word_1_200' title='bbox 950 1943 1066 1980; x_wconf 80' lang='grc' dir='ltr'>Αὐτα-</span> 
     </span>
     <span class='ocr_line' id='line_1_32' title="bbox 37 1998 1068 2056; baseline -0.002 -15"><span class='ocrx_word' id='word_1_201' title='bbox 37 1999 129 2056; x_wconf 87' lang='grc' dir='ltr'>ριέας</span> <span class='ocrx_word' id='word_1_202' title='bbox 157 2001 333 2054; x_wconf 85' lang='lat' dir='ltr'><strong>(gentem</strong></span> <span class='ocrx_word' id='word_1_203' title='bbox 363 2000 582 2052; x_wconf 84' lang='lat' dir='ltr'><strong>Illyricam)</strong></span> <span class='ocrx_word' id='word_1_204' title='bbox 609 1998 646 2038; x_wconf 84' lang='grc' dir='ltr'><strong>δὲ</strong></span> <span class='ocrx_word' id='word_1_205' title='bbox 674 1999 735 2039; x_wconf 75' lang='grc' dir='ltr'><strong>καὶ</strong></span> <span class='ocrx_word' id='word_1_206' title='bbox 767 2001 808 2039; x_wconf 84' lang='grc' dir='ltr'><strong>ἐκ</strong></span> <span class='ocrx_word' id='word_1_207' title='bbox 841 1999 1068 2045; x_wconf 72' lang='grc' dir='ltr'>θεοὸλαὸείας</span> 
     </span>
     <span class='ocr_line' id='line_1_33' title="bbox 37 2058 1067 2114; baseline -0.001 -15"><span class='ocrx_word' id='word_1_208' title='bbox 37 2059 251 2104; x_wconf 79' lang='grc' dir='ltr'>Ἀπόλλωνος</span> <span class='ocrx_word' id='word_1_209' title='bbox 270 2060 305 2104; x_wconf 83' lang='grc' dir='ltr'>ἐς</span> <span class='ocrx_word' id='word_1_210' title='bbox 323 2058 472 2110; x_wconf 87' lang='grc' dir='ltr'>ἔσχατον</span> <span class='ocrx_word' id='word_1_211' title='bbox 490 2062 600 2098; x_wconf 75' lang='grc' dir='ltr'>κακοῦ</span> <span class='ocrx_word' id='word_1_212' title='bbox 625 2061 830 2113; x_wconf 85' lang='grc' dir='ltr'>περιελθεῖν.</span> <span class='ocrx_word' id='word_1_213' title='bbox 849 2059 1067 2114; x_wconf 86' lang='grc' dir='ltr'>Μολιστόμῳ</span> 
     </span>
     <span class='ocr_line' id='line_1_34' title="bbox 36 2118 1068 2173; baseline 0.001 -16"><span class='ocrx_word' id='word_1_214' title='bbox 36 2119 104 2173; x_wconf 84' lang='grc' dir='ltr'><strong>γὰρ</strong></span> <span class='ocrx_word' id='word_1_215' title='bbox 121 2118 243 2163; x_wconf 80' lang='grc' dir='ltr'>αὖτοὺς</span> <span class='ocrx_word' id='word_1_216' title='bbox 266 2118 326 2158; x_wconf 75' lang='grc' dir='ltr'><strong>καὶ</strong></span> <span class='ocrx_word' id='word_1_217' title='bbox 347 2119 491 2163; x_wconf 85' lang='grc' dir='ltr'>Κελτοῖς</span> <span class='ocrx_word' id='word_1_218' title='bbox 506 2124 578 2162; x_wconf 87' lang='grc' dir='ltr'>τοῖς</span> <span class='ocrx_word' id='word_1_219' title='bbox 601 2118 774 2173; x_wconf 78' lang='grc' dir='ltr'>Κίμὸροις</span> <span class='ocrx_word' id='word_1_220' title='bbox 787 2118 987 2171; x_wconf 85' lang='grc' dir='ltr'>λεγομένοις</span> <span class='ocrx_word' id='word_1_221' title='bbox 1010 2120 1068 2158; x_wconf 79' lang='grc' dir='ltr'>ἐπὶ</span> 
     </span>
    </p>
   </div>
   <div class='ocr_carea' id='block_1_7' title="bbox 39 2177 1102 2233">
    <p class='ocr_par' dir='ltr' id='par_1_11' title="bbox 39 2177 1102 2233">
     <span class='ocr_line' id='line_1_35' title="bbox 39 2177 1102 2233; baseline 0 -16"><span class='ocrx_word' id='word_1_222' title='bbox 39 2177 192 2233; x_wconf 80' lang='grc' dir='ltr'>Δελφοὺς</span> <span class='ocrx_word' id='word_1_223' title='bbox 226 2182 501 2232; x_wconf 77' lang='grc' dir='ltr'>συστρατεῦσαι,</span> <span class='ocrx_word' id='word_1_224' title='bbox 533 2177 594 2216; x_wconf 78' lang='grc' dir='ltr'><strong>καὶ</strong></span> <span class='ocrx_word' id='word_1_225' title='bbox 632 2181 807 2232; x_wconf 75' lang='grc' dir='ltr'>φθαρῆναι</span> <span class='ocrx_word' id='word_1_226' title='bbox 845 2178 907 2230; x_wconf 82' lang='grc' dir='ltr'><strong>μὲν</strong></span> <span class='ocrx_word' id='word_1_227' title='bbox 941 2179 1068 2218; x_wconf 82' lang='grc' dir='ltr'>αὐτίκα</span> <span class='ocrx_word' id='word_1_228' title='bbox 1098 2189 1102 2199; x_wconf 84' lang='grc'><em>“</em></span> 
     </span>
    </p>
   </div>
   <div class='ocr_carea' id='block_1_8' title="bbox 39 2287 1071 2470">
    <p class='ocr_par' dir='ltr' id='par_1_12' title="bbox 39 2287 1071 2470">
     <span class='ocr_line' id='line_1_36' title="bbox 40 2287 1068 2329; baseline 0 -7"><span class='ocrx_word' id='word_1_229' title='bbox 40 2287 207 2323; x_wconf 80' lang='lat' dir='ltr'><strong>Gallorum</strong></span> <span class='ocrx_word' id='word_1_230' title='bbox 219 2288 417 2329; x_wconf 83' lang='lat' dir='ltr'><strong>quicumque</strong></span> <span class='ocrx_word' id='word_1_231' title='bbox 428 2296 469 2320; x_wconf 86' lang='lat' dir='ltr'><strong>ex</strong></span> <span class='ocrx_word' id='word_1_232' title='bbox 485 2287 568 2329; x_wconf 86' lang='lat' dir='ltr'><strong>agris</strong></span> <span class='ocrx_word' id='word_1_233' title='bbox 581 2289 614 2320; x_wconf 90' lang='lat' dir='ltr'><strong>et</strong></span> <span class='ocrx_word' id='word_1_234' title='bbox 623 2287 750 2329; x_wconf 85' lang='lat' dir='ltr'><strong>oppidis</strong></span> <span class='ocrx_word' id='word_1_235' title='bbox 762 2287 906 2326; x_wconf 84' lang='lat' dir='ltr'><strong>aderant,</strong></span> <span class='ocrx_word' id='word_1_236' title='bbox 924 2288 1068 2322; x_wconf 84' lang='lat' dir='ltr'><strong>frueban-</strong></span> 
     </span>
     <span class='ocr_line' id='line_1_37' title="bbox 39 2334 1068 2378; baseline 0 -9"><span class='ocrx_word' id='word_1_237' title='bbox 39 2334 95 2370; x_wconf 74' lang='lat' dir='ltr'><strong>tur</strong></span> <span class='ocrx_word' id='word_1_238' title='bbox 108 2335 159 2368; x_wconf 85' lang='lat' dir='ltr'><strong>his</strong></span> <span class='ocrx_word' id='word_1_239' title='bbox 175 2344 250 2376; x_wconf 85' lang='lat' dir='ltr'><strong>quae</strong></span> <span class='ocrx_word' id='word_1_240' title='bbox 262 2338 374 2376; x_wconf 86' lang='lat' dir='ltr'><strong>parata</strong></span> <span class='ocrx_word' id='word_1_241' title='bbox 395 2337 506 2374; x_wconf 88' lang='lat' dir='ltr'><strong>erant;</strong></span> <span class='ocrx_word' id='word_1_242' title='bbox 524 2335 581 2367; x_wconf 86' lang='lat' dir='ltr'><strong>sed</strong></span> <span class='ocrx_word' id='word_1_243' title='bbox 603 2344 645 2367; x_wconf 90' lang='lat' dir='ltr'><strong>ne</strong></span> <span class='ocrx_word' id='word_1_244' title='bbox 660 2335 818 2376; x_wconf 85' lang='lat' dir='ltr'><strong>peregrini</strong></span> <span class='ocrx_word' id='word_1_245' title='bbox 836 2336 970 2377; x_wconf 90' lang='lat' dir='ltr'><strong>quidem</strong></span> <span class='ocrx_word' id='word_1_246' title='bbox 983 2360 994 2377; x_wconf 91' lang='lat'>,</span> <span class='ocrx_word' id='word_1_247' title='bbox 1011 2337 1068 2378; x_wconf 81' lang='lat' dir='ltr'><strong>qui</strong></span> 
     </span>
     <span class='ocr_line' id='line_1_38' title="bbox 41 2381 1071 2425; baseline 0 -9"><span class='ocrx_word' id='word_1_248' title='bbox 41 2382 238 2416; x_wconf 69' lang='lat' dir='ltr'>accedebant</span> <span class='ocrx_word' id='word_1_249' title='bbox 249 2405 258 2421; x_wconf 92' lang='lat'>,</span> <span class='ocrx_word' id='word_1_250' title='bbox 281 2382 322 2414; x_wconf 83' lang='lat' dir='ltr'><strong>ab</strong></span> <span class='ocrx_word' id='word_1_251' title='bbox 351 2381 556 2414; x_wconf 84' lang='lat' dir='ltr'><strong>adstantibus</strong></span> <span class='ocrx_word' id='word_1_252' title='bbox 576 2382 685 2423; x_wconf 89' lang='lat' dir='ltr'><strong>pueris</strong></span> <span class='ocrx_word' id='word_1_253' title='bbox 703 2382 953 2416; x_wconf 80' lang='lat' dir='ltr'><strong>dimittebantur</strong></span> <span class='ocrx_word' id='word_1_254' title='bbox 966 2407 976 2423; x_wconf 93' lang='lat'><em>‚</em></span> <span class='ocrx_word' id='word_1_255' title='bbox 994 2384 1071 2425; x_wconf 85' lang='lat' dir='ltr'><strong>quin</strong></span> 
     </span>
     <span class='ocr_line' id='line_1_39' title="bbox 44 2429 664 2470; baseline -0.008 -7"><span class='ocrx_word' id='word_1_256' title='bbox 44 2438 138 2464; x_wconf 75' lang='lat' dir='ltr'><strong>suam</strong></span> <span class='ocrx_word' id='word_1_257' title='bbox 157 2430 257 2462; x_wconf 81' lang='lat' dir='ltr'><strong>etiam</strong></span> <span class='ocrx_word' id='word_1_258' title='bbox 278 2432 403 2470; x_wconf 84' lang='lat' dir='ltr'><strong>partem</strong></span> <span class='ocrx_word' id='word_1_259' title='bbox 418 2429 631 2470; x_wconf 82' lang='lat' dir='ltr'><strong>accepissent.</strong></span> <span class='ocrx_word' id='word_1_260' title='bbox 647 2442 664 2458; x_wconf 84' lang='grc'>»</span> 
     </span>
    </p>
   </div>
   <div class='ocr_carea' id='block_1_9' title="bbox 44 2528 1080 3098">
    <p class='ocr_par' dir='ltr' id='par_1_13' title="bbox 44 2528 1080 3098">
     <span class='ocr_line' id='line_1_40' title="bbox 49 2528 1074 2572; baseline 0.002 -10"><span class='ocrx_word' id='word_1_261' title='bbox 49 2560 51 2562; x_wconf 89' lang='grc'>.</span> <span class='ocrx_word' id='word_1_262' title='bbox 83 2529 284 2571; x_wconf 75' lang='lat' dir='ltr'><strong>Phylarchus</strong></span> <span class='ocrx_word' id='word_1_263' title='bbox 307 2528 342 2561; x_wconf 92' lang='lat' dir='ltr'><strong>in</strong></span> <span class='ocrx_word' id='word_1_264' title='bbox 363 2529 459 2562; x_wconf 88' lang='lat' dir='ltr'><strong>tertio</strong></span> <span class='ocrx_word' id='word_1_265' title='bbox 490 2529 573 2562; x_wconf 86' lang='lat' dir='ltr'><strong>libro</strong></span> <span class='ocrx_word' id='word_1_266' title='bbox 603 2529 821 2563; x_wconf 81' lang='lat' dir='ltr'><strong>Historiarum</strong></span> <span class='ocrx_word' id='word_1_267' title='bbox 848 2530 962 2563; x_wconf 82' lang='lat' dir='ltr'><strong>scribit</strong></span> <span class='ocrx_word' id='word_1_268' title='bbox 971 2555 980 2572; x_wconf 90' lang='lat'>,</span> <span class='ocrx_word' id='word_1_269' title='bbox 998 2533 1074 2564; x_wconf 87' lang='lat' dir='ltr'><strong>ante</strong></span> 
     </span>
     <span class='ocr_line' id='line_1_41' title="bbox 44 2577 1070 2621; baseline 0.001 -10"><span class='ocrx_word' id='word_1_270' title='bbox 44 2579 138 2617; x_wconf 73' lang='lat' dir='ltr'><strong>Jovis</strong></span> <span class='ocrx_word' id='word_1_271' title='bbox 162 2587 251 2611; x_wconf 86' lang='lat' dir='ltr'><strong>aram</strong></span> <span class='ocrx_word' id='word_1_272' title='bbox 277 2577 521 2611; x_wconf 83' lang='lat' dir='ltr'><strong>accumbentem</strong></span> <span class='ocrx_word' id='word_1_273' title='bbox 542 2578 696 2611; x_wconf 89' lang='lat' dir='ltr'><strong>Milonem</strong></span> <span class='ocrx_word' id='word_1_274' title='bbox 718 2579 897 2613; x_wconf 86' lang='lat' dir='ltr'><strong>comedisse</strong></span> <span class='ocrx_word' id='word_1_275' title='bbox 920 2582 1050 2612; x_wconf 84' lang='lat' dir='ltr'><strong>taurum</strong></span> <span class='ocrx_word' id='word_1_276' title='bbox 1061 2605 1070 2621; x_wconf 92' lang='lat'>‚</span> 
     </span>
     <span class='ocr_line' id='line_1_42' title="bbox 46 2625 1076 2668; baseline 0.002 -11"><span class='ocrx_word' id='word_1_277' title='bbox 46 2633 146 2668; x_wconf 76' lang='lat' dir='ltr'><strong>eaque</strong></span> <span class='ocrx_word' id='word_1_278' title='bbox 161 2634 278 2658; x_wconf 82' lang='lat' dir='ltr'><strong>caussa</strong></span> <span class='ocrx_word' id='word_1_279' title='bbox 290 2625 445 2658; x_wconf 86' lang='lat' dir='ltr'><strong>Doricum</strong></span> <span class='ocrx_word' id='word_1_280' title='bbox 470 2628 600 2666; x_wconf 86' lang='lat' dir='ltr'><strong>poetam</strong></span> <span class='ocrx_word' id='word_1_281' title='bbox 618 2626 716 2658; x_wconf 87' lang='lat' dir='ltr'><strong>hosce</strong></span> <span class='ocrx_word' id='word_1_282' title='bbox 731 2626 765 2658; x_wconf 94' lang='lat' dir='ltr'><strong>in</strong></span> <span class='ocrx_word' id='word_1_283' title='bbox 783 2626 876 2659; x_wconf 91' lang='lat' dir='ltr'><strong>illum</strong></span> <span class='ocrx_word' id='word_1_284' title='bbox 901 2636 1016 2659; x_wconf 87' lang='lat' dir='ltr'><strong>versus</strong></span> <span class='ocrx_word' id='word_1_285' title='bbox 1035 2628 1076 2660; x_wconf 87' lang='lat' dir='ltr'><strong>se-</strong></span> 
     </span>
     <span class='ocr_line' id='line_1_43' title="bbox 46 2671 152 2705; baseline -0.009 0"><span class='ocrx_word' id='word_1_286' title='bbox 46 2671 128 2705; x_wconf 77' lang='lat' dir='ltr'><strong>cisse</strong></span> <span class='ocrx_word' id='word_1_287' title='bbox 143 2681 152 2704; x_wconf 91' lang='lat'>:</span> 
     </span>
     <span class='ocr_line' id='line_1_44' title="bbox 110 2724 910 2766; baseline -0.001 -10"><span class='ocrx_word' id='word_1_288' title='bbox 110 2724 194 2756; x_wconf 74' lang='lat' dir='ltr'><strong>Talis</strong></span> <span class='ocrx_word' id='word_1_289' title='bbox 209 2731 275 2755; x_wconf 81' lang='lat' dir='ltr'><strong>erat</strong></span> <span class='ocrx_word' id='word_1_290' title='bbox 289 2725 375 2765; x_wconf 86' lang='lat' dir='ltr'><strong>Milo,</strong></span> <span class='ocrx_word' id='word_1_291' title='bbox 391 2736 488 2766; x_wconf 81' lang='lat' dir='ltr'><strong>quum</strong></span> <span class='ocrx_word' id='word_1_292' title='bbox 504 2736 521 2755; x_wconf 83' lang='lat' dir='ltr'><strong>a</strong></span> <span class='ocrx_word' id='word_1_293' title='bbox 537 2732 620 2756; x_wconf 78' lang='lat' dir='ltr'><strong>terra</strong></span> <span class='ocrx_word' id='word_1_294' title='bbox 635 2726 760 2756; x_wconf 81' lang='lat' dir='ltr'><strong>tolleret</strong></span> <span class='ocrx_word' id='word_1_295' title='bbox 774 2726 887 2755; x_wconf 89' lang='lat' dir='ltr'><strong>molem</strong></span> <span class='ocrx_word' id='word_1_296' title='bbox 900 2748 910 2766; x_wconf 90' lang='lat'>,</span> 
     </span>
     <span class='ocr_line' id='line_1_45' title="bbox 151 2773 1019 2814; baseline 0.002 -12"><span class='ocrx_word' id='word_1_297' title='bbox 151 2773 347 2814; x_wconf 81' lang='lat' dir='ltr'><strong>quadrimam</strong></span> <span class='ocrx_word' id='word_1_298' title='bbox 359 2773 540 2813; x_wconf 84' lang='lat' dir='ltr'><strong>juvencam,</strong></span> <span class='ocrx_word' id='word_1_299' title='bbox 553 2774 639 2803; x_wconf 78' lang='lat' dir='ltr'><strong>Iovis</strong></span> <span class='ocrx_word' id='word_1_300' title='bbox 654 2775 687 2802; x_wconf 87' lang='lat' dir='ltr'><strong>in</strong></span> <span class='ocrx_word' id='word_1_301' title='bbox 702 2773 885 2803; x_wconf 81' lang='lat' dir='ltr'><strong>solennibus</strong></span> <span class='ocrx_word' id='word_1_302' title='bbox 904 2773 1019 2814; x_wconf 85' lang='lat' dir='ltr'><strong>epulis;</strong></span> 
     </span>
     <span class='ocr_line' id='line_1_46' title="bbox 109 2820 1054 2862; baseline 0.002 -12"><span class='ocrx_word' id='word_1_303' title='bbox 109 2820 309 2862; x_wconf 84' lang='lat' dir='ltr'><strong>humerisque</strong></span> <span class='ocrx_word' id='word_1_304' title='bbox 323 2831 419 2861; x_wconf 89' lang='lat' dir='ltr'><strong>pecus</strong></span> <span class='ocrx_word' id='word_1_305' title='bbox 435 2822 559 2861; x_wconf 81' lang='lat' dir='ltr'><strong>ingens,</strong></span> <span class='ocrx_word' id='word_1_306' title='bbox 576 2827 735 2860; x_wconf 79' lang='lat' dir='ltr'><strong>tamquam</strong></span> <span class='ocrx_word' id='word_1_307' title='bbox 750 2821 910 2852; x_wconf 80' lang='lat' dir='ltr'><strong>novellum</strong></span> <span class='ocrx_word' id='word_1_308' title='bbox 925 2831 1054 2862; x_wconf 80' lang='lat' dir='ltr'><strong>agnum,</strong></span> 
     </span>
     <span class='ocr_line' id='line_1_47' title="bbox 151 2868 785 2909; baseline 0 -11"><span class='ocrx_word' id='word_1_309' title='bbox 151 2869 280 2908; x_wconf 81' lang='lat' dir='ltr'><strong>gestavit</strong></span> <span class='ocrx_word' id='word_1_310' title='bbox 294 2868 404 2898; x_wconf 83' lang='lat' dir='ltr'><strong>leviter</strong></span> <span class='ocrx_word' id='word_1_311' title='bbox 418 2874 516 2898; x_wconf 85' lang='lat' dir='ltr'><strong>totam</strong></span> <span class='ocrx_word' id='word_1_312' title='bbox 530 2879 586 2908; x_wconf 84' lang='lat' dir='ltr'><strong>per</strong></span> <span class='ocrx_word' id='word_1_313' title='bbox 600 2868 785 2909; x_wconf 85' lang='lat' dir='ltr'><strong>panegyrin.</strong></span> 
     </span>
     <span class='ocr_line' id='line_1_48' title="bbox 69 2915 1079 2956; baseline 0 -10"><span class='ocrx_word' id='word_1_314' title='bbox 69 2942 72 2946; x_wconf 90' lang='lat'><strong>.</strong></span> <span class='ocrx_word' id='word_1_315' title='bbox 111 2915 150 2944; x_wconf 81' lang='lat' dir='ltr'><strong>Et</strong></span> <span class='ocrx_word' id='word_1_316' title='bbox 159 2921 269 2956; x_wconf 80' lang='lat' dir='ltr'><strong>stupor</strong></span> <span class='ocrx_word' id='word_1_317' title='bbox 279 2916 406 2956; x_wconf 80' lang='lat' dir='ltr'><strong>quidem</strong></span> <span class='ocrx_word' id='word_1_318' title='bbox 418 2918 519 2947; x_wconf 78' lang='lat' dir='ltr'><strong>tenuit</strong></span> <span class='ocrx_word' id='word_1_319' title='bbox 533 2922 664 2946; x_wconf 83' lang='lat' dir='ltr'><strong>cunctos</strong></span> <span class='ocrx_word' id='word_1_320' title='bbox 678 2939 685 2946; x_wconf 88' lang='lat'><strong>.</strong></span> <span class='ocrx_word' id='word_1_321' title='bbox 696 2916 751 2946; x_wconf 88' lang='lat' dir='ltr'><strong>sed</strong></span> <span class='ocrx_word' id='word_1_322' title='bbox 765 2916 866 2946; x_wconf 88' lang='lat' dir='ltr'><strong>multo</strong></span> <span class='ocrx_word' id='word_1_323' title='bbox 877 2916 1079 2956; x_wconf 84' lang='lat' dir='ltr'><strong>etiammajus</strong></span> 
     </span>
     <span class='ocr_line' id='line_1_49' title="bbox 152 2962 1079 3004; baseline 0 -12"><span class='ocrx_word' id='word_1_324' title='bbox 152 2968 223 2992; x_wconf 74' lang='lat' dir='ltr'><strong>ante</strong></span> <span class='ocrx_word' id='word_1_325' title='bbox 238 2965 377 3004; x_wconf 79' lang='lat' dir='ltr'><strong>Pisaeum,</strong></span> <span class='ocrx_word' id='word_1_326' title='bbox 391 2963 519 3003; x_wconf 81' lang='lat' dir='ltr'><strong>hospes,</strong></span> <span class='ocrx_word' id='word_1_327' title='bbox 534 2963 644 2994; x_wconf 85' lang='lat' dir='ltr'><strong>altare.</strong></span> <span class='ocrx_word' id='word_1_328' title='bbox 720 2962 865 3004; x_wconf 80' lang='lat' dir='ltr'><strong>[patravit</strong></span> <span class='ocrx_word' id='word_1_329' title='bbox 881 2963 1079 3001; x_wconf 81' lang='lat' dir='ltr'><strong>miraculum,</strong></span> 
     </span>
     <span class='ocr_line' id='line_1_50' title="bbox 113 3009 1080 3051; baseline 0 -12"><span class='ocrx_word' id='word_1_330' title='bbox 113 3009 213 3047; x_wconf 83' lang='lat' dir='ltr'><strong>Quem</strong></span> <span class='ocrx_word' id='word_1_331' title='bbox 226 3011 349 3041; x_wconf 85' lang='lat' dir='ltr'><strong>enimin</strong></span> <span class='ocrx_word' id='word_1_332' title='bbox 358 3021 474 3051; x_wconf 85' lang='lat' dir='ltr'><strong>pompa</strong></span> <span class='ocrx_word' id='word_1_333' title='bbox 485 3017 659 3051; x_wconf 84' lang='lat' dir='ltr'><strong>gestaverat</strong></span> <span class='ocrx_word' id='word_1_334' title='bbox 665 3011 777 3041; x_wconf 84' lang='lat' dir='ltr'><strong>bovem</strong></span> <span class='ocrx_word' id='word_1_335' title='bbox 787 3011 987 3050; x_wconf 85' lang='lat' dir='ltr'><strong>indomitum,</strong></span> <span class='ocrx_word' id='word_1_336' title='bbox 996 3011 1080 3039; x_wconf 88' lang='lat' dir='ltr'><strong>hunc</strong></span> 
     </span>
     <span class='ocr_line' id='line_1_51' title="bbox 86 3057 1080 3098; baseline 0 -12"><span class='ocrx_word' id='word_1_337' title='bbox 86 3091 88 3094; x_wconf 21' lang='lat'><em>7</em></span> <span class='ocrx_word' id='word_1_338' title='bbox 154 3059 311 3087; x_wconf 82' lang='lat' dir='ltr'><strong>concisum</strong></span> <span class='ocrx_word' id='word_1_339' title='bbox 326 3064 427 3088; x_wconf 81' lang='lat' dir='ltr'><strong>totum</strong></span> <span class='ocrx_word' id='word_1_340' title='bbox 443 3058 528 3087; x_wconf 87' lang='lat' dir='ltr'><strong>solus</strong></span> <span class='ocrx_word' id='word_1_341' title='bbox 544 3057 692 3088; x_wconf 81' lang='lat' dir='ltr'><strong>comedit.</strong></span> <span class='ocrx_word' id='word_1_342' title='bbox 919 3057 965 3098; x_wconf 85' lang='lat' dir='ltr'><strong>[in</strong></span> <span class='ocrx_word' id='word_1_343' title='bbox 980 3057 1080 3087; x_wconf 83' lang='lat' dir='ltr'><strong>frusta</strong></span> 
     </span>
    </p>
   </div>
   <div class='ocr_carea' id='block_1_10' title="bbox 95 3163 1085 3309">
    <p class='ocr_par' dir='ltr' id='par_1_14' title="bbox 95 3163 1085 3309">
     <span class='ocr_line' id='line_1_52' title="bbox 437 3163 692 3203; baseline 0.008 -2"><span class='ocrx_word' id='word_1_344' title='bbox 437 3163 592 3202; x_wconf 87' lang='lat' dir='ltr'>LIBER</span> <span class='ocrx_word' id='word_1_345' title='bbox 621 3163 692 3203; x_wconf 92' lang='lat' dir='ltr'><strong>IV.</strong></span> 
     </span>
     <span class='ocr_line' id='line_1_53' title="bbox 95 3224 1085 3309; baseline 0.003 -13"><span class='ocrx_word' id='word_1_346' title='bbox 95 3264 200 3297; x_wconf 82' lang='lat' dir='ltr'><strong>Etiam</strong></span> <span class='ocrx_word' id='word_1_347' title='bbox 230 3267 450 3307; x_wconf 81' lang='lat' dir='ltr'><strong>Phylarchus,</strong></span> <span class='ocrx_word' id='word_1_348' title='bbox 479 3268 513 3300; x_wconf 91' lang='lat' dir='ltr'><strong>in</strong></span> <span class='ocrx_word' id='word_1_349' title='bbox 547 3224 790 3309; x_wconf 55' lang='lat' dir='ltr'><strong>:uartolibrm</strong></span> <span class='ocrx_word' id='word_1_350' title='bbox 814 3269 944 3308; x_wconf 84' lang='lat' dir='ltr'><strong>scribit,</strong></span> <span class='ocrx_word' id='word_1_351' title='bbox 964 3268 1085 3300; x_wconf 84' lang='lat' dir='ltr'><strong>vidisse</strong></span> 
     </span>
    </p>
   </div>
   <div class='ocr_carea' id='block_1_11' title="bbox 2057 137 2133 173">
    <p class='ocr_par' dir='ltr' id='par_1_15' title="bbox 2057 137 2133 173">
     <span class='ocr_line' id='line_1_54' title="bbox 2057 137 2133 173; baseline 0 0"><span class='ocrx_word' id='word_1_352' title='bbox 2057 137 2133 173; x_wconf 78' lang='lat'><strong>335</strong></span> 
     </span>
    </p>
   </div>
   <div class='ocr_carea' id='block_1_12' title="bbox 1104 221 2142 696">
    <p class='ocr_par' dir='ltr' id='par_1_16' title="bbox 1104 221 2138 456">
     <span class='ocr_line' id='line_1_55' title="bbox 1104 221 2136 278; baseline -0.006 -12"><span class='ocrx_word' id='word_1_353' title='bbox 1104 227 1183 271; x_wconf 73' lang='grc' dir='ltr'>τοὺς</span> <span class='ocrx_word' id='word_1_354' title='bbox 1201 225 1350 270; x_wconf 83' lang='grc' dir='ltr'>πλέονας</span> <span class='ocrx_word' id='word_1_355' title='bbox 1367 226 1482 264; x_wconf 81' lang='grc' dir='ltr'>αὐτῶν</span> <span class='ocrx_word' id='word_1_356' title='bbox 1502 223 1571 278; x_wconf 81' lang='grc' dir='ltr'><strong>πρὸ</strong></span> <span class='ocrx_word' id='word_1_357' title='bbox 1593 221 1865 277; x_wconf 78' lang='grc' dir='ltr'>ἐπιχειρήσεως,</span> <span class='ocrx_word' id='word_1_358' title='bbox 1895 222 2003 260; x_wconf 74' lang='grc' dir='ltr'>ὑετῶν</span> <span class='ocrx_word' id='word_1_359' title='bbox 2036 222 2136 275; x_wconf 72' lang='grc' dir='ltr'>σφίσι</span> 
     </span>
     <span class='ocr_line' id='line_1_56' title="bbox 1104 280 2138 337; baseline -0.004 -13"><span class='ocrx_word' id='word_1_360' title='bbox 1104 285 1164 324; x_wconf 77' lang='grc' dir='ltr'><strong>καὶ</strong></span> <span class='ocrx_word' id='word_1_361' title='bbox 1193 284 1340 332; x_wconf 88' lang='grc' dir='ltr'>θυέλλης</span> <span class='ocrx_word' id='word_1_362' title='bbox 1370 283 1430 323; x_wconf 78' lang='grc' dir='ltr'><strong>καὶ</strong></span> <span class='ocrx_word' id='word_1_363' title='bbox 1467 283 1682 337; x_wconf 79' lang='grc' dir='ltr'>πρηστήρων</span> <span class='ocrx_word' id='word_1_364' title='bbox 1715 280 1953 334; x_wconf 80' lang='grc' dir='ltr'>ἐμπεσόντων.</span> <span class='ocrx_word' id='word_1_365' title='bbox 1986 280 2138 332; x_wconf 87' lang='grc' dir='ltr'>Ἔπιγε-</span> 
     </span>
     <span class='ocr_line' id='line_1_57' title="bbox 1104 341 2138 398; baseline -0.004 -15"><span class='ocrx_word' id='word_1_366' title='bbox 1104 344 1225 383; x_wconf 89' lang='grc' dir='ltr'>νέσθαι</span> <span class='ocrx_word' id='word_1_367' title='bbox 1242 344 1279 383; x_wconf 86' lang='grc' dir='ltr'><strong>δὲ</strong></span> <span class='ocrx_word' id='word_1_368' title='bbox 1294 350 1366 388; x_wconf 88' lang='grc' dir='ltr'>τοῖς</span> <span class='ocrx_word' id='word_1_369' title='bbox 1382 342 1645 398; x_wconf 79' lang='grc' dir='ltr'>ὖποστρέψασιν</span> <span class='ocrx_word' id='word_1_370' title='bbox 1667 341 1810 397; x_wconf 85' lang='grc' dir='ltr'>ἄπειρον</span> <span class='ocrx_word' id='word_1_371' title='bbox 1830 341 2020 395; x_wconf 80' lang='grc' dir='ltr'>βατράχων</span> <span class='ocrx_word' id='word_1_372' title='bbox 2040 342 2138 388; x_wconf 82' lang='grc' dir='ltr'>πλῆ-</span> 
     </span>
     <span class='ocr_line' id='line_1_58' title="bbox 1106 400 1960 456; baseline -0.004 -14"><span class='ocrx_word' id='word_1_373' title='bbox 1106 407 1162 448; x_wconf 88' lang='grc' dir='ltr'><strong>θος</strong></span> <span class='ocrx_word' id='word_1_374' title='bbox 1176 435 1186 454; x_wconf 89' lang='grc'><strong>,</strong></span> <span class='ocrx_word' id='word_1_375' title='bbox 1204 403 1237 442; x_wconf 83' lang='grc' dir='ltr'>οἳ</span> <span class='ocrx_word' id='word_1_376' title='bbox 1269 402 1499 448; x_wconf 88' lang='grc' dir='ltr'>διασαπέντες</span> <span class='ocrx_word' id='word_1_377' title='bbox 1523 402 1568 442; x_wconf 90' lang='grc' dir='ltr'><strong>τὰ</strong></span> <span class='ocrx_word' id='word_1_378' title='bbox 1587 402 1730 454; x_wconf 81' lang='grc' dir='ltr'>νάματα</span> <span class='ocrx_word' id='word_1_379' title='bbox 1753 400 1960 456; x_wconf 74' lang='grc' dir='ltr'>διέφθειραν.</span> 
     </span>
    </p>

    <p class='ocr_par' dir='ltr' id='par_1_17' title="bbox 1108 521 2142 696">
     <span class='ocr_line' id='line_1_59' title="bbox 1163 521 2142 577; baseline -0.002 -14"><span class='ocrx_word' id='word_1_380' title='bbox 1163 526 1364 564; x_wconf 81' lang='lat' dir='ltr'><strong>Athenaeus</strong></span> <span class='ocrx_word' id='word_1_381' title='bbox 1389 530 1455 569; x_wconf 88' lang='lat' dir='ltr'><strong>IV,</strong></span> <span class='ocrx_word' id='word_1_382' title='bbox 1476 527 1541 574; x_wconf 90' lang='grc'><strong>64,</strong></span> <span class='ocrx_word' id='word_1_383' title='bbox 1572 540 1610 577; x_wconf 87' lang='lat' dir='ltr'><strong>p.</strong></span> <span class='ocrx_word' id='word_1_384' title='bbox 1635 528 1796 573; x_wconf 68' lang='lat' dir='ltr'>401‚D:</span> <span class='ocrx_word' id='word_1_385' title='bbox 1815 523 1886 563; x_wconf 75' lang='grc' dir='ltr'><strong>Καὶ</strong></span> <span class='ocrx_word' id='word_1_386' title='bbox 1907 524 2075 563; x_wconf 80' lang='grc' dir='ltr'>Αἰτωλῶν</span> <span class='ocrx_word' id='word_1_387' title='bbox 2105 521 2142 561; x_wconf 83' lang='grc' dir='ltr'><strong>δὲ</strong></span> 
     </span>
     <span class='ocr_line' id='line_1_60' title="bbox 1108 578 2141 638; baseline -0.002 -16"><span class='ocrx_word' id='word_1_388' title='bbox 1108 579 1186 622; x_wconf 74' lang='grc' dir='ltr'>οἶδα</span> <span class='ocrx_word' id='word_1_389' title='bbox 1207 583 1402 637; x_wconf 82' lang='grc' dir='ltr'>στρατηγὸν</span> <span class='ocrx_word' id='word_1_390' title='bbox 1422 583 1594 638; x_wconf 82' lang='grc' dir='ltr'>Σύαγρον,</span> <span class='ocrx_word' id='word_1_391' title='bbox 1614 578 1653 622; x_wconf 66' lang='grc' dir='ltr'>οἷ</span> <span class='ocrx_word' id='word_1_392' title='bbox 1670 581 1882 636; x_wconf 85' lang='grc' dir='ltr'>μνημονεύει</span> <span class='ocrx_word' id='word_1_393' title='bbox 1899 581 2091 636; x_wconf 83' lang='grc' dir='ltr'>Φύλαρχος</span> <span class='ocrx_word' id='word_1_394' title='bbox 2107 583 2141 620; x_wconf 82' lang='grc' dir='ltr'><strong>ἐν</strong></span> 
     </span>
     <span class='ocr_line' id='line_1_61' title="bbox 1108 641 1471 696; baseline -0.003 -16"><span class='ocrx_word' id='word_1_395' title='bbox 1108 643 1259 696; x_wconf 83' lang='grc' dir='ltr'>τετάρτῃ</span> <span class='ocrx_word' id='word_1_396' title='bbox 1280 641 1471 696; x_wconf 83' lang='grc' dir='ltr'>Ἱστοριῶν.</span> 
     </span>
    </p>
   </div>
   <div class='ocr_carea' id='block_1_13' title="bbox 1544 717 1719 731">
    <p class='ocr_par' dir='ltr' id='par_1_18' title="bbox 1544 717 1719 731">
     <span class='ocr_line' id='line_1_62' title="bbox 1544 717 1719 731; baseline 0.006 -1"><span class='ocrx_word' id='word_1_397' title='bbox 1544 717 1719 731; x_wconf 43' lang='lat' dir='ltr'><strong>——Qooe-</strong></span> 
     </span>
    </p>
   </div>
   <div class='ocr_carea' id='block_1_14' title="bbox 1515 772 1767 867">
    <p class='ocr_par' dir='ltr' id='par_1_19' title="bbox 1515 772 1767 867">
     <span class='ocr_line' id='line_1_63' title="bbox 1515 772 1767 867; baseline -0.004 -56"><span class='ocrx_word' id='word_1_398' title='bbox 1515 772 1671 867; x_wconf 54' lang='lat' dir='ltr'>LIBgR</span> <span class='ocrx_word' id='word_1_399' title='bbox 1698 773 1767 812; x_wconf 90' lang='lat' dir='ltr'><strong>VI.</strong></span> 
     </span>
    </p>
   </div>
   <div class='ocr_carea' id='block_1_15' title="bbox 1114 885 2166 2232">
    <p class='ocr_par' dir='ltr' id='par_1_20' title="bbox 1114 885 2160 1709">
     <span class='ocr_line' id='line_1_64' title="bbox 1166 885 2147 941; baseline 0.001 -13"><span class='ocrx_word' id='word_1_400' title='bbox 1166 890 1374 929; x_wconf 87' lang='lat' dir='ltr'><strong>Athenaeus</strong></span> <span class='ocrx_word' id='word_1_401' title='bbox 1393 891 1501 937; x_wconf 89' lang='lat' dir='ltr'>XIV,</span> <span class='ocrx_word' id='word_1_402' title='bbox 1522 890 1557 936; x_wconf 83' lang='lat'><strong>3,</strong></span> <span class='ocrx_word' id='word_1_403' title='bbox 1574 903 1612 940; x_wconf 89' lang='lat' dir='ltr'><strong>p.</strong></span> <span class='ocrx_word' id='word_1_404' title='bbox 1642 890 1718 934; x_wconf 77' lang='lat'><strong>614</strong></span> <span class='ocrx_word' id='word_1_405' title='bbox 1729 918 1740 936; x_wconf 94' lang='lat'>,</span> <span class='ocrx_word' id='word_1_406' title='bbox 1758 892 1812 927; x_wconf 90' lang='lat' dir='ltr'><strong>E:</strong></span> <span class='ocrx_word' id='word_1_407' title='bbox 1830 888 2035 941; x_wconf 85' lang='grc' dir='ltr'>Φιλογέλως</span> <span class='ocrx_word' id='word_1_408' title='bbox 2054 890 2084 929; x_wconf 85' lang='grc' dir='ltr'><strong>δ’</strong></span> <span class='ocrx_word' id='word_1_409' title='bbox 2103 885 2147 938; x_wconf 76' lang='grc' dir='ltr'><strong>ἧν</strong></span> 
     </span>
     <span class='ocr_line' id='line_1_65' title="bbox 1116 945 2148 1003; baseline 0 -15"><span class='ocrx_word' id='word_1_410' title='bbox 1116 948 1178 988; x_wconf 82' lang='grc' dir='ltr'><strong>καὶ</strong></span> <span class='ocrx_word' id='word_1_411' title='bbox 1197 947 1399 1002; x_wconf 85' lang='grc' dir='ltr'>Δημήτριος</span> <span class='ocrx_word' id='word_1_412' title='bbox 1418 949 1436 985; x_wconf 84' lang='grc' dir='ltr'>ὃ</span> <span class='ocrx_word' id='word_1_413' title='bbox 1450 945 1713 999; x_wconf 82' lang='grc' dir='ltr'>Πολιορκητὴς,</span> <span class='ocrx_word' id='word_1_414' title='bbox 1730 946 1776 991; x_wconf 83' lang='grc' dir='ltr'>ὥς</span> <span class='ocrx_word' id='word_1_415' title='bbox 1800 963 1885 1002; x_wconf 84' lang='grc' dir='ltr'>φησι</span> <span class='ocrx_word' id='word_1_416' title='bbox 1903 947 2094 1003; x_wconf 88' lang='grc' dir='ltr'>Φύλαρχος</span> <span class='ocrx_word' id='word_1_417' title='bbox 2112 950 2148 988; x_wconf 83' lang='grc' dir='ltr'><strong>ἐν</strong></span> 
     </span>
     <span class='ocr_line' id='line_1_66' title="bbox 1114 1004 2150 1061; baseline 0 -15"><span class='ocrx_word' id='word_1_418' title='bbox 1114 1010 1159 1061; x_wconf 79' lang='grc' dir='ltr'><strong>τῇ</strong></span> <span class='ocrx_word' id='word_1_419' title='bbox 1188 1005 1273 1060; x_wconf 81' lang='grc' dir='ltr'>ἕκτῃ</span> <span class='ocrx_word' id='word_1_420' title='bbox 1291 1009 1361 1045; x_wconf 86' lang='grc' dir='ltr'><strong>τῶν</strong></span> <span class='ocrx_word' id='word_1_421' title='bbox 1381 1005 1559 1060; x_wconf 83' lang='grc' dir='ltr'>Ἱστοριῶν</span> <span class='ocrx_word' id='word_1_422' title='bbox 1571 1021 1579 1029; x_wconf 89' lang='grc'><em>·</em></span> <span class='ocrx_word' id='word_1_423' title='bbox 1611 1004 1646 1048; x_wconf 83' lang='grc' dir='ltr'>ὅς</span> <span class='ocrx_word' id='word_1_424' title='bbox 1676 1021 1716 1056; x_wconf 88' lang='grc' dir='ltr'><strong>γε</strong></span> <span class='ocrx_word' id='word_1_425' title='bbox 1749 1006 1808 1045; x_wconf 71' lang='grc' dir='ltr'><strong>καὶ</strong></span> <span class='ocrx_word' id='word_1_426' title='bbox 1843 1006 1905 1055; x_wconf 84' lang='grc' dir='ltr'><strong>τὴν</strong></span> <span class='ocrx_word' id='word_1_427' title='bbox 1938 1007 2150 1061; x_wconf 79' lang='grc' dir='ltr'>Λυσιμάχου</span> 
     </span>
     <span class='ocr_line' id='line_1_67' title="bbox 1119 1062 2152 1119; baseline 0.001 -14"><span class='ocrx_word' id='word_1_428' title='bbox 1119 1065 1228 1114; x_wconf 80' lang='grc' dir='ltr'>αὒλὴν</span> <span class='ocrx_word' id='word_1_429' title='bbox 1248 1068 1408 1117; x_wconf 77' lang='grc' dir='ltr'>κωμικῆς</span> <span class='ocrx_word' id='word_1_430' title='bbox 1419 1067 1551 1112; x_wconf 88' lang='grc' dir='ltr'>σκηνῆς</span> <span class='ocrx_word' id='word_1_431' title='bbox 1567 1062 1665 1104; x_wconf 77' lang='grc' dir='ltr'>οὐδὲν</span> <span class='ocrx_word' id='word_1_432' title='bbox 1680 1064 1852 1119; x_wconf 80' lang='grc' dir='ltr'>διαφέρειν</span> <span class='ocrx_word' id='word_1_433' title='bbox 1871 1065 1986 1118; x_wconf 87' lang='grc' dir='ltr'>ἔλεγεν</span> <span class='ocrx_word' id='word_1_434' title='bbox 1997 1083 2006 1091; x_wconf 88' lang='grc'><em>·</em></span> <span class='ocrx_word' id='word_1_435' title='bbox 2026 1066 2152 1112; x_wconf 82' lang='grc' dir='ltr'>ἐξιέναι</span> 
     </span>
     <span class='ocr_line' id='line_1_68' title="bbox 1119 1124 2150 1180; baseline 0.001 -16"><span class='ocrx_word' id='word_1_436' title='bbox 1119 1126 1188 1180; x_wconf 87' lang='grc' dir='ltr'><strong>γὰρ</strong></span> <span class='ocrx_word' id='word_1_437' title='bbox 1209 1126 1270 1164; x_wconf 82' lang='grc' dir='ltr'>ἀπ’</span> <span class='ocrx_word' id='word_1_438' title='bbox 1293 1126 1400 1172; x_wconf 78' lang='grc' dir='ltr'>αὐτῆς</span> <span class='ocrx_word' id='word_1_439' title='bbox 1427 1124 1562 1167; x_wconf 85' lang='grc' dir='ltr'>πάντας</span> <span class='ocrx_word' id='word_1_440' title='bbox 1604 1124 1834 1168; x_wconf 76' lang='grc' dir='ltr'>δισυλλάὸους</span> <span class='ocrx_word' id='word_1_441' title='bbox 1872 1125 1944 1177; x_wconf 83' lang='grc' dir='ltr'>(τόν</span> <span class='ocrx_word' id='word_1_442' title='bbox 1975 1142 2015 1164; x_wconf 89' lang='grc' dir='ltr'><strong>τε</strong></span> <span class='ocrx_word' id='word_1_443' title='bbox 2046 1126 2150 1166; x_wconf 87' lang='grc' dir='ltr'>Βίθυν</span> 
     </span>
     <span class='ocr_line' id='line_1_69' title="bbox 1119 1182 2152 1239; baseline 0 -15"><span class='ocrx_word' id='word_1_444' title='bbox 1119 1184 1300 1238; x_wconf 86' lang='grc' dir='ltr'>χλευάζων</span> <span class='ocrx_word' id='word_1_445' title='bbox 1326 1184 1387 1223; x_wconf 84' lang='grc' dir='ltr'><strong>καὶ</strong></span> <span class='ocrx_word' id='word_1_446' title='bbox 1408 1183 1466 1222; x_wconf 83' lang='grc' dir='ltr'><strong>τὸν</strong></span> <span class='ocrx_word' id='word_1_447' title='bbox 1494 1182 1623 1237; x_wconf 87' lang='grc' dir='ltr'>Πάριν,</span> <span class='ocrx_word' id='word_1_448' title='bbox 1653 1184 1837 1234; x_wconf 89' lang='grc' dir='ltr'>μεγίστους</span> <span class='ocrx_word' id='word_1_449' title='bbox 1867 1183 1968 1229; x_wconf 81' lang='grc' dir='ltr'>ὄντας</span> <span class='ocrx_word' id='word_1_450' title='bbox 1986 1183 2083 1239; x_wconf 86' lang='grc' dir='ltr'>παρὰ</span> <span class='ocrx_word' id='word_1_451' title='bbox 2101 1187 2152 1239; x_wconf 80' lang='grc' dir='ltr'><strong>τῷ</strong></span> 
     </span>
     <span class='ocr_line' id='line_1_70' title="bbox 1118 1241 2153 1297; baseline 0 -15"><span class='ocrx_word' id='word_1_452' title='bbox 1118 1243 1320 1296; x_wconf 82' lang='grc' dir='ltr'>Λυσιμάχῳ</span> <span class='ocrx_word' id='word_1_453' title='bbox 1333 1274 1343 1292; x_wconf 96' lang='grc'><strong>,</strong></span> <span class='ocrx_word' id='word_1_454' title='bbox 1359 1243 1420 1281; x_wconf 85' lang='grc' dir='ltr'><strong>καί</strong></span> <span class='ocrx_word' id='word_1_455' title='bbox 1437 1259 1533 1286; x_wconf 88' lang='grc' dir='ltr'>τινας</span> <span class='ocrx_word' id='word_1_456' title='bbox 1554 1241 1691 1296; x_wconf 80' lang='grc' dir='ltr'>ἑτέρους</span> <span class='ocrx_word' id='word_1_457' title='bbox 1723 1244 1792 1280; x_wconf 81' lang='grc' dir='ltr'><strong>τῶν</strong></span> <span class='ocrx_word' id='word_1_458' title='bbox 1827 1243 1970 1296; x_wconf 79' lang='grc' dir='ltr'>φίλων),</span> <span class='ocrx_word' id='word_1_459' title='bbox 2003 1243 2101 1297; x_wconf 81' lang='grc' dir='ltr'>παρὰ</span> <span class='ocrx_word' id='word_1_460' title='bbox 2124 1244 2153 1282; x_wconf 81' lang='grc' dir='ltr'><strong>δ’</strong></span> 
     </span>
     <span class='ocr_line' id='line_1_71' title="bbox 1120 1300 2153 1353; baseline 0 -12"><span class='ocrx_word' id='word_1_461' title='bbox 1120 1305 1227 1341; x_wconf 81' lang='grc' dir='ltr'>αὑτοῦ</span> <span class='ocrx_word' id='word_1_462' title='bbox 1252 1301 1455 1346; x_wconf 85' lang='grc' dir='ltr'>Πευκέστας</span> <span class='ocrx_word' id='word_1_463' title='bbox 1472 1301 1532 1340; x_wconf 80' lang='grc' dir='ltr'><strong>καὶ</strong></span> <span class='ocrx_word' id='word_1_464' title='bbox 1553 1301 1770 1350; x_wconf 86' lang='grc' dir='ltr'>Μενελάους,</span> <span class='ocrx_word' id='word_1_465' title='bbox 1785 1300 1836 1340; x_wconf 83' lang='grc' dir='ltr'><strong>ἔτι</strong></span> <span class='ocrx_word' id='word_1_466' title='bbox 1852 1300 1888 1340; x_wconf 83' lang='grc' dir='ltr'><strong>δὲ</strong></span> <span class='ocrx_word' id='word_1_467' title='bbox 1911 1301 2153 1353; x_wconf 85' lang='grc' dir='ltr'>Ὀξυθέμιδας.</span> 
     </span>
     <span class='ocr_line' id='line_1_72' title="bbox 1120 1359 2156 1416; baseline -0.001 -16"><span class='ocrx_word' id='word_1_468' title='bbox 1120 1364 1246 1401; x_wconf 78' lang='grc' dir='ltr'>Ταῦτα</span> <span class='ocrx_word' id='word_1_469' title='bbox 1270 1361 1300 1399; x_wconf 86' lang='grc' dir='ltr'><strong>δ’</strong></span> <span class='ocrx_word' id='word_1_470' title='bbox 1325 1360 1461 1400; x_wconf 85' lang='grc' dir='ltr'>ἀκούων</span> <span class='ocrx_word' id='word_1_471' title='bbox 1487 1364 1506 1399; x_wconf 86' lang='grc' dir='ltr'>ὁ</span> <span class='ocrx_word' id='word_1_472' title='bbox 1531 1360 1760 1413; x_wconf 84' lang='grc' dir='ltr'>Λυσίμαχος,</span> <span class='ocrx_word' id='word_1_473' title='bbox 1789 1359 1885 1412; x_wconf 81' lang='grc' dir='ltr'><strong>Ἐγὼ</strong></span> <span class='ocrx_word' id='word_1_474' title='bbox 1915 1361 2043 1409; x_wconf 89' lang='grc' dir='ltr'>τοίνυν,</span> <span class='ocrx_word' id='word_1_475' title='bbox 2069 1360 2156 1416; x_wconf 74' lang='grc' dir='ltr'>ἔφη,</span> 
     </span>
     <span class='ocr_line' id='line_1_73' title="bbox 1119 1418 2156 1474; baseline 0.001 -16"><span class='ocrx_word' id='word_1_476' title='bbox 1119 1419 1253 1473; x_wconf 89' lang='grc' dir='ltr'>πόρνην</span> <span class='ocrx_word' id='word_1_477' title='bbox 1268 1421 1308 1458; x_wconf 80' lang='grc' dir='ltr'><strong>ἐκ</strong></span> <span class='ocrx_word' id='word_1_478' title='bbox 1328 1423 1495 1474; x_wconf 90' lang='grc' dir='ltr'>τραγικῆς</span> <span class='ocrx_word' id='word_1_479' title='bbox 1511 1422 1642 1467; x_wconf 85' lang='grc' dir='ltr'>σκηνῆς</span> <span class='ocrx_word' id='word_1_480' title='bbox 1659 1421 1727 1471; x_wconf 82' lang='grc' dir='ltr'>οὐχ</span> <span class='ocrx_word' id='word_1_481' title='bbox 1743 1418 1883 1473; x_wconf 82' lang='grc' dir='ltr'>ἑώρακα</span> <span class='ocrx_word' id='word_1_482' title='bbox 1901 1419 2072 1465; x_wconf 80' lang='grc' dir='ltr'>ἐξιοῦσαν·</span> <span class='ocrx_word' id='word_1_483' title='bbox 2091 1420 2156 1468; x_wconf 84' lang='grc' dir='ltr'><strong>τὴν</strong></span> 
     </span>
     <span class='ocr_line' id='line_1_74' title="bbox 1123 1477 2158 1533; baseline 0.001 -16"><span class='ocrx_word' id='word_1_484' title='bbox 1123 1478 1316 1533; x_wconf 79' lang='grc' dir='ltr'>αὐλητρίδα</span> <span class='ocrx_word' id='word_1_485' title='bbox 1352 1478 1496 1531; x_wconf 85' lang='grc' dir='ltr'>Λάμιαν</span> <span class='ocrx_word' id='word_1_486' title='bbox 1533 1477 1660 1529; x_wconf 87' lang='grc' dir='ltr'>λέγων.</span> <span class='ocrx_word' id='word_1_487' title='bbox 1705 1477 1996 1530; x_wconf 82' lang='grc' dir='ltr'>Ἀπαγγελθέντος</span> <span class='ocrx_word' id='word_1_488' title='bbox 2031 1479 2067 1517; x_wconf 80' lang='grc' dir='ltr'><strong>δὲ</strong></span> <span class='ocrx_word' id='word_1_489' title='bbox 2098 1480 2158 1518; x_wconf 87' lang='grc' dir='ltr'><strong>καὶ</strong></span> 
     </span>
     <span class='ocr_line' id='line_1_75' title="bbox 1123 1536 2157 1592; baseline 0.001 -16"><span class='ocrx_word' id='word_1_490' title='bbox 1123 1537 1262 1585; x_wconf 86' lang='grc' dir='ltr'>τούτου,</span> <span class='ocrx_word' id='word_1_491' title='bbox 1288 1537 1396 1577; x_wconf 90' lang='grc' dir='ltr'>πάλιν</span> <span class='ocrx_word' id='word_1_492' title='bbox 1425 1536 1612 1577; x_wconf 73' lang='grc' dir='ltr'>ὖπολαὸὼν</span> <span class='ocrx_word' id='word_1_493' title='bbox 1643 1540 1661 1576; x_wconf 86' lang='grc' dir='ltr'>ὃ</span> <span class='ocrx_word' id='word_1_494' title='bbox 1694 1537 1896 1590; x_wconf 82' lang='grc' dir='ltr'>Δημήτριος</span> <span class='ocrx_word' id='word_1_495' title='bbox 1915 1537 2004 1592; x_wconf 74' lang='grc' dir='ltr'>ἔφη,</span> <span class='ocrx_word' id='word_1_496' title='bbox 2023 1538 2116 1577; x_wconf 84' lang='grc' dir='ltr'>Ἀλλ’</span> <span class='ocrx_word' id='word_1_497' title='bbox 2134 1541 2157 1585; x_wconf 86' lang='grc' dir='ltr'>ἠ</span> 
     </span>
     <span class='ocr_line' id='line_1_76' title="bbox 1120 1594 2160 1651; baseline 0.002 -16"><span class='ocrx_word' id='word_1_498' title='bbox 1120 1597 1204 1651; x_wconf 91' lang='grc' dir='ltr'>παρ’</span> <span class='ocrx_word' id='word_1_499' title='bbox 1219 1598 1306 1648; x_wconf 77' lang='grc' dir='ltr'>ἐμοῦ</span> <span class='ocrx_word' id='word_1_500' title='bbox 1325 1597 1438 1651; x_wconf 82' lang='grc' dir='ltr'>πόρνη</span> <span class='ocrx_word' id='word_1_501' title='bbox 1459 1594 1739 1651; x_wconf 72' lang='grc' dir='ltr'>σωφρονέστερον</span> <span class='ocrx_word' id='word_1_502' title='bbox 1756 1599 1819 1644; x_wconf 89' lang='grc' dir='ltr'><strong>τῆς</strong></span> <span class='ocrx_word' id='word_1_503' title='bbox 1833 1597 1917 1650; x_wconf 84' lang='grc' dir='ltr'>παρ’</span> <span class='ocrx_word' id='word_1_504' title='bbox 1934 1597 2055 1651; x_wconf 82' lang='grc' dir='ltr'>ἐκείνῳ</span> <span class='ocrx_word' id='word_1_505' title='bbox 2076 1599 2160 1645; x_wconf 90' lang='grc' dir='ltr'>Πη-</span> 
     </span>
     <span class='ocr_line' id='line_1_77' title="bbox 1121 1656 1344 1709; baseline 0.009 -14"><span class='ocrx_word' id='word_1_506' title='bbox 1121 1656 1270 1704; x_wconf 88' lang='grc' dir='ltr'>νελόπης</span> <span class='ocrx_word' id='word_1_507' title='bbox 1289 1658 1344 1709; x_wconf 79' lang='grc' dir='ltr'>ζῇ.</span> 
     </span>
    </p>

    <p class='ocr_par' dir='ltr' id='par_1_21' title="bbox 1123 1714 2163 2002">
     <span class='ocr_line' id='line_1_78' title="bbox 1177 1714 2162 1766; baseline 0 -12"><span class='ocrx_word' id='word_1_508' title='bbox 1177 1716 1235 1754; x_wconf 87' lang='lat' dir='ltr'><strong>Cf.</strong></span> <span class='ocrx_word' id='word_1_509' title='bbox 1259 1716 1353 1766; x_wconf 80' lang='lat' dir='ltr'><strong>frag.</strong></span> <span class='ocrx_word' id='word_1_510' title='bbox 1373 1717 1452 1754; x_wconf 88' lang='lat' dir='ltr'><strong>XX</strong></span> <span class='ocrx_word' id='word_1_511' title='bbox 1472 1723 1510 1753; x_wconf 90' lang='lat' dir='ltr'><strong>et</strong></span> <span class='ocrx_word' id='word_1_512' title='bbox 1527 1717 1682 1754; x_wconf 88' lang='lat' dir='ltr'>XXIX.</span> <span class='ocrx_word' id='word_1_513' title='bbox 1703 1714 1930 1753; x_wconf 89' lang='lat' dir='ltr'><strong>Plutarchus</strong></span> <span class='ocrx_word' id='word_1_514' title='bbox 1947 1715 1989 1754; x_wconf 90' lang='lat' dir='ltr'><strong>in</strong></span> <span class='ocrx_word' id='word_1_515' title='bbox 2016 1718 2162 1754; x_wconf 91' lang='lat' dir='ltr'><strong>Deme-</strong></span> 
     </span>
     <span class='ocr_line' id='line_1_79' title="bbox 1124 1773 2162 1825; baseline 0 -13"><span class='ocrx_word' id='word_1_516' title='bbox 1124 1774 1198 1812; x_wconf 85' lang='lat' dir='ltr'><strong>trio</strong></span> <span class='ocrx_word' id='word_1_517' title='bbox 1219 1788 1251 1812; x_wconf 91' lang='lat' dir='ltr'><strong>c.</strong></span> <span class='ocrx_word' id='word_1_518' title='bbox 1267 1775 1331 1823; x_wconf 81' lang='lat'><strong>25,</strong></span> <span class='ocrx_word' id='word_1_519' title='bbox 1344 1773 1412 1811; x_wconf 88' lang='lat' dir='ltr'><strong>ubi</strong></span> <span class='ocrx_word' id='word_1_520' title='bbox 1433 1773 1567 1812; x_wconf 88' lang='lat' dir='ltr'><strong>eadem</strong></span> <span class='ocrx_word' id='word_1_521' title='bbox 1582 1773 1661 1811; x_wconf 89' lang='lat' dir='ltr'><strong>fere</strong></span> <span class='ocrx_word' id='word_1_522' title='bbox 1679 1774 1874 1825; x_wconf 84' lang='lat' dir='ltr'><strong>leguntur,</strong></span> <span class='ocrx_word' id='word_1_523' title='bbox 1886 1788 1935 1812; x_wconf 86' lang='lat' dir='ltr'><strong>ex</strong></span> <span class='ocrx_word' id='word_1_524' title='bbox 1947 1774 2162 1825; x_wconf 85' lang='lat' dir='ltr'><strong>Phylarcho</strong></span> 
     </span>
     <span class='ocr_line' id='line_1_80' title="bbox 1123 1832 2163 1872; baseline 0.002 -2"><span class='ocrx_word' id='word_1_525' title='bbox 1123 1833 1295 1871; x_wconf 85' lang='lat' dir='ltr'><strong>hausisse</strong></span> <span class='ocrx_word' id='word_1_526' title='bbox 1314 1832 1479 1871; x_wconf 85' lang='lat' dir='ltr'><strong>videtur.</strong></span> <span class='ocrx_word' id='word_1_527' title='bbox 1501 1836 1560 1871; x_wconf 90' lang='lat' dir='ltr'><strong>De</strong></span> <span class='ocrx_word' id='word_1_528' title='bbox 1579 1833 1779 1870; x_wconf 81' lang='lat' dir='ltr'><strong>luxuriosa</strong></span> <span class='ocrx_word' id='word_1_529' title='bbox 1801 1834 1987 1872; x_wconf 86' lang='lat' dir='ltr'><strong>Demetrii</strong></span> <span class='ocrx_word' id='word_1_530' title='bbox 2006 1834 2163 1872; x_wconf 86' lang='lat' dir='ltr'><strong>vivendi</strong></span> 
     </span>
     <span class='ocr_line' id='line_1_81' title="bbox 1123 1891 2163 1943; baseline 0.001 -14"><span class='ocrx_word' id='word_1_531' title='bbox 1123 1892 1274 1930; x_wconf 88' lang='lat' dir='ltr'><strong>ratione</strong></span> <span class='ocrx_word' id='word_1_532' title='bbox 1288 1892 1335 1930; x_wconf 85' lang='lat' dir='ltr'><strong>cf.</strong></span> <span class='ocrx_word' id='word_1_533' title='bbox 1355 1891 1493 1930; x_wconf 87' lang='lat' dir='ltr'><strong>Athen.</strong></span> <span class='ocrx_word' id='word_1_534' title='bbox 1510 1895 1577 1940; x_wconf 90' lang='lat' dir='ltr'><strong>VI,</strong></span> <span class='ocrx_word' id='word_1_535' title='bbox 1598 1905 1637 1943; x_wconf 92' lang='lat' dir='ltr'><strong>p.</strong></span> <span class='ocrx_word' id='word_1_536' title='bbox 1657 1891 1748 1939; x_wconf 80' lang='lat'><strong>253,</strong></span> <span class='ocrx_word' id='word_1_537' title='bbox 1769 1892 1818 1939; x_wconf 88' lang='lat' dir='ltr'><strong>A,</strong></span> <span class='ocrx_word' id='word_1_538' title='bbox 1836 1892 2027 1931; x_wconf 87' lang='lat' dir='ltr'><strong>Plutarch.</strong></span> <span class='ocrx_word' id='word_1_539' title='bbox 2050 1896 2163 1930; x_wconf 91' lang='lat' dir='ltr'><strong>Dem.</strong></span> 
     </span>
     <span class='ocr_line' id='line_1_82' title="bbox 1124 1950 2163 2002; baseline -0.001 -13"><span class='ocrx_word' id='word_1_540' title='bbox 1124 1965 1156 1989; x_wconf 92' lang='lat' dir='ltr'><strong>c.</strong></span> <span class='ocrx_word' id='word_1_541' title='bbox 1178 1956 1242 2000; x_wconf 89' lang='grc'><strong>24,</strong></span> <span class='ocrx_word' id='word_1_542' title='bbox 1263 1964 1326 2000; x_wconf 82' lang='grc'><strong>27;</strong></span> <span class='ocrx_word' id='word_1_543' title='bbox 1340 1951 1480 1990; x_wconf 88' lang='lat' dir='ltr'><strong>Athen.</strong></span> <span class='ocrx_word' id='word_1_544' title='bbox 1498 1954 1591 1999; x_wconf 91' lang='lat' dir='ltr'>XII,</span> <span class='ocrx_word' id='word_1_545' title='bbox 1612 1964 1651 2002; x_wconf 91' lang='lat' dir='ltr'><strong>p.</strong></span> <span class='ocrx_word' id='word_1_546' title='bbox 1668 1950 1744 1988; x_wconf 79' lang='lat'><strong>535</strong></span> <span class='ocrx_word' id='word_1_547' title='bbox 1761 1964 1832 2001; x_wconf 89' lang='lat' dir='ltr'><strong>sq.‚</strong></span> <span class='ocrx_word' id='word_1_548' title='bbox 1851 1954 1942 2000; x_wconf 89' lang='lat' dir='ltr'>XII,</span> <span class='ocrx_word' id='word_1_549' title='bbox 1958 1965 1996 2002; x_wconf 91' lang='lat' dir='ltr'><strong>p.</strong></span> <span class='ocrx_word' id='word_1_550' title='bbox 2014 1951 2087 1999; x_wconf 81' lang='lat'><strong>577</strong></span> <span class='ocrx_word' id='word_1_551' title='bbox 2107 1965 2163 2002; x_wconf 86' lang='lat' dir='ltr'><strong>sq.</strong></span> 
     </span>
    </p>

    <p class='ocr_par' dir='ltr' id='par_1_22' title="bbox 1125 2061 2166 2232">
     <span class='ocr_line' id='line_1_83' title="bbox 1181 2061 2164 2116; baseline 0.001 -16"><span class='ocrx_word' id='word_1_552' title='bbox 1181 2063 1390 2101; x_wconf 85' lang='lat' dir='ltr'><strong>Athenaeus</strong></span> <span class='ocrx_word' id='word_1_553' title='bbox 1407 2066 1458 2111; x_wconf 92' lang='lat' dir='ltr'><strong>X,</strong></span> <span class='ocrx_word' id='word_1_554' title='bbox 1479 2063 1523 2100; x_wconf 85' lang='lat'><strong>51</strong></span> <span class='ocrx_word' id='word_1_555' title='bbox 1541 2092 1550 2110; x_wconf 91' lang='lat'>‚</span> <span class='ocrx_word' id='word_1_556' title='bbox 1563 2077 1600 2114; x_wconf 92' lang='lat' dir='ltr'><strong>p.</strong></span> <span class='ocrx_word' id='word_1_557' title='bbox 1619 2064 1709 2111; x_wconf 88' lang='grc'>438,</span> <span class='ocrx_word' id='word_1_558' title='bbox 1728 2065 1757 2102; x_wconf 92' lang='lat' dir='ltr'>C</span> <span class='ocrx_word' id='word_1_559' title='bbox 1773 2077 1782 2100; x_wconf 90' lang='lat'><strong>:</strong></span> <span class='ocrx_word' id='word_1_560' title='bbox 1800 2061 1992 2116; x_wconf 84' lang='grc' dir='ltr'>Φύλαρχος</span> <span class='ocrx_word' id='word_1_561' title='bbox 2010 2062 2047 2101; x_wconf 82' lang='grc' dir='ltr'><strong>δὲ</strong></span> <span class='ocrx_word' id='word_1_562' title='bbox 2065 2065 2099 2102; x_wconf 83' lang='grc' dir='ltr'><strong>ἓν</strong></span> <span class='ocrx_word' id='word_1_563' title='bbox 2119 2066 2164 2116; x_wconf 84' lang='grc' dir='ltr'><strong>τῇ</strong></span> 
     </span>
     <span class='ocr_line' id='line_1_84' title="bbox 1127 2120 2166 2176; baseline 0 -17"><span class='ocrx_word' id='word_1_564' title='bbox 1127 2120 1211 2174; x_wconf 79' lang='grc' dir='ltr'>ἕκτῃ</span> <span class='ocrx_word' id='word_1_565' title='bbox 1228 2124 1298 2160; x_wconf 85' lang='grc' dir='ltr'><strong>τῶν</strong></span> <span class='ocrx_word' id='word_1_566' title='bbox 1316 2121 1495 2176; x_wconf 85' lang='grc' dir='ltr'>Ἱστοριῶν</span> <span class='ocrx_word' id='word_1_567' title='bbox 1510 2120 1687 2174; x_wconf 84' lang='grc' dir='ltr'>Ἀντίοχόν</span> <span class='ocrx_word' id='word_1_568' title='bbox 1709 2137 1796 2175; x_wconf 84' lang='grc' dir='ltr'>φησι</span> <span class='ocrx_word' id='word_1_569' title='bbox 1814 2120 1872 2160; x_wconf 81' lang='grc' dir='ltr'><strong>τὸν</strong></span> <span class='ocrx_word' id='word_1_570' title='bbox 1889 2121 2037 2174; x_wconf 86' lang='grc' dir='ltr'>βασιλέα</span> <span class='ocrx_word' id='word_1_571' title='bbox 2055 2121 2166 2176; x_wconf 80' lang='grc' dir='ltr'>φίλοι-</span> 
     </span>
     <span class='ocr_line' id='line_1_85' title="bbox 1125 2179 2166 2232; baseline 0 -13"><span class='ocrx_word' id='word_1_572' title='bbox 1125 2196 1184 2219; x_wconf 92' lang='grc' dir='ltr'><strong>νον</strong></span> <span class='ocrx_word' id='word_1_573' title='bbox 1218 2180 1404 2232; x_wconf 89' lang='grc' dir='ltr'>γενόμενον</span> <span class='ocrx_word' id='word_1_574' title='bbox 1441 2179 1675 2232; x_wconf 87' lang='grc' dir='ltr'>μεθύσκεσθαί</span> <span class='ocrx_word' id='word_1_575' title='bbox 1705 2196 1743 2219; x_wconf 93' lang='grc' dir='ltr'><strong>τε</strong></span> <span class='ocrx_word' id='word_1_576' title='bbox 1780 2180 1839 2219; x_wconf 76' lang='grc' dir='ltr'><strong>καὶ</strong></span> <span class='ocrx_word' id='word_1_577' title='bbox 1877 2184 2067 2232; x_wconf 78' lang='grc' dir='ltr'>κοιμᾶσθαι</span> <span class='ocrx_word' id='word_1_578' title='bbox 2108 2180 2166 2219; x_wconf 82' lang='grc' dir='ltr'>ἐπὶ</span> 
     </span>
    </p>
   </div>
   <div class='ocr_carea' id='block_1_16' title="bbox 1925 2257 2162 2266">
    <p class='ocr_par' dir='ltr' id='par_1_23' title="bbox 1925 2257 2162 2266">
     <span class='ocr_line' id='line_1_86' title="bbox 1925 2257 2162 2266; baseline 0 1418"><span class='ocrx_word' id='word_1_579' title='bbox 1925 2257 2162 2266; x_wconf 95' lang='lat' dir='ltr'><strong> </strong></span> 
     </span>
    </p>
   </div>
   <div class='ocr_carea' id='block_1_17' title="bbox 1631 2297 1668 2330">
    <p class='ocr_par' dir='ltr' id='par_1_24' title="bbox 1631 2297 1668 2330">
     <span class='ocr_line' id='line_1_87' title="bbox 1631 2297 1668 2330; baseline 0 0"><span class='ocrx_word' id='word_1_580' title='bbox 1631 2297 1668 2330; x_wconf 88' lang='grc'><strong>5.</strong></span> 
     </span>
    </p>
   </div>
   <div class='ocr_carea' id='block_1_18' title="bbox 1133 2359 2167 2448">
    <p class='ocr_par' dir='ltr' id='par_1_25' title="bbox 1133 2359 2167 2448">
     <span class='ocr_line' id='line_1_88' title="bbox 1175 2359 2167 2402; baseline -0.002 -10"><span class='ocrx_word' id='word_1_581' title='bbox 1175 2359 1308 2392; x_wconf 90' lang='lat' dir='ltr'><strong>Memini</strong></span> <span class='ocrx_word' id='word_1_582' title='bbox 1325 2359 1504 2392; x_wconf 85' lang='lat' dir='ltr'><strong>AEtolorum</strong></span> <span class='ocrx_word' id='word_1_583' title='bbox 1529 2360 1898 2402; x_wconf 11' lang='lat' dir='ltr'><strong>praetorembsyagrum‚</strong></span> <span class='ocrx_word' id='word_1_584' title='bbox 1914 2359 2008 2399; x_wconf 85' lang='lat' dir='ltr'><strong>cujus</strong></span> <span class='ocrx_word' id='word_1_585' title='bbox 2033 2359 2167 2391; x_wconf 80' lang='lat' dir='ltr'><strong>mentio-</strong></span> 
     </span>
     <span class='ocr_line' id='line_1_89' title="bbox 1133 2406 2003 2448; baseline -0.002 -9"><span class='ocrx_word' id='word_1_586' title='bbox 1133 2416 1206 2439; x_wconf 86' lang='lat' dir='ltr'><strong>nem</strong></span> <span class='ocrx_word' id='word_1_587' title='bbox 1228 2407 1432 2448; x_wconf 87' lang='lat' dir='ltr'><strong>Phylarchus</strong></span> <span class='ocrx_word' id='word_1_588' title='bbox 1450 2407 1527 2439; x_wconf 84' lang='lat' dir='ltr'><strong>fecit</strong></span> <span class='ocrx_word' id='word_1_589' title='bbox 1549 2409 1665 2447; x_wconf 87' lang='lat' dir='ltr'><strong>quarto</strong></span> <span class='ocrx_word' id='word_1_590' title='bbox 1680 2406 1763 2438; x_wconf 90' lang='lat' dir='ltr'><strong>libro</strong></span> <span class='ocrx_word' id='word_1_591' title='bbox 1777 2406 2003 2438; x_wconf 87' lang='lat' dir='ltr'><strong>Historiarum.</strong></span> 
     </span>
    </p>
   </div>
   <div class='ocr_carea' id='block_1_19' title="bbox 1505 2466 1757 2564">
    <p class='ocr_par' dir='ltr' id='par_1_26' title="bbox 1505 2466 1757 2564">
     <span class='ocr_line' id='line_1_90' title="bbox 1505 2466 1757 2505; baseline -0.008 0"><span class='ocrx_word' id='word_1_592' title='bbox 1505 2466 1661 2505; x_wconf 89' lang='lat' dir='ltr'>LIBER</span> <span class='ocrx_word' id='word_1_593' title='bbox 1689 2466 1757 2505; x_wconf 93' lang='lat' dir='ltr'><strong>VI.</strong></span> 
     </span>
     <span class='ocr_line' id='line_1_91' title="bbox 1630 2530 1668 2564; baseline 0.026 -1"><span class='ocrx_word' id='word_1_594' title='bbox 1630 2530 1668 2564; x_wconf 87' lang='grc'>6.</span> 
     </span>
    </p>
   </div>
   <div class='ocr_carea' id='block_1_20' title="bbox 1135 2585 2172 3193">
    <p class='ocr_par' dir='ltr' id='par_1_27' title="bbox 1135 2585 2172 3193">
     <span class='ocr_line' id='line_1_92' title="bbox 1176 2585 2167 2630; baseline -0.003 -9"><span class='ocrx_word' id='word_1_595' title='bbox 1176 2588 1316 2621; x_wconf 80' lang='lat' dir='ltr'><strong>Risuum</strong></span> <span class='ocrx_word' id='word_1_596' title='bbox 1342 2589 1557 2630; x_wconf 79' lang='lat' dir='ltr'><strong>J&#39;ocorumque</strong></span> <span class='ocrx_word' id='word_1_597' title='bbox 1582 2587 1707 2619; x_wconf 89' lang='lat' dir='ltr'><strong>amicus</strong></span> <span class='ocrx_word' id='word_1_598' title='bbox 1744 2587 1807 2619; x_wconf 87' lang='lat' dir='ltr'><strong>suit</strong></span> <span class='ocrx_word' id='word_1_599' title='bbox 1834 2585 2016 2618; x_wconf 87' lang='lat' dir='ltr'><strong>Demetrius</strong></span> <span class='ocrx_word' id='word_1_600' title='bbox 2038 2594 2167 2626; x_wconf 87' lang='lat' dir='ltr'><strong>quoque</strong></span> 
     </span>
     <span class='ocr_line' id='line_1_93' title="bbox 1135 2631 2165 2676; baseline -0.007 -7"><span class='ocrx_word' id='word_1_601' title='bbox 1135 2636 1332 2675; x_wconf 85' lang='lat' dir='ltr'><strong>Poliorceta‚</strong></span> <span class='ocrx_word' id='word_1_602' title='bbox 1357 2638 1394 2668; x_wconf 89' lang='lat' dir='ltr'><strong>ut</strong></span> <span class='ocrx_word' id='word_1_603' title='bbox 1418 2635 1621 2676; x_wconf 83' lang='lat' dir='ltr'><strong>Phylarchus</strong></span> <span class='ocrx_word' id='word_1_604' title='bbox 1654 2635 1700 2666; x_wconf 89' lang='lat' dir='ltr'><strong>ait</strong></span> <span class='ocrx_word' id='word_1_605' title='bbox 1723 2636 1815 2666; x_wconf 85' lang='lat' dir='ltr'><strong>sexto</strong></span> <span class='ocrx_word' id='word_1_606' title='bbox 1837 2633 1918 2664; x_wconf 86' lang='lat' dir='ltr'><strong>libro</strong></span> <span class='ocrx_word' id='word_1_607' title='bbox 1939 2631 2165 2664; x_wconf 87' lang='lat' dir='ltr'><strong>Historiarum.</strong></span> 
     </span>
     <span class='ocr_line' id='line_1_94' title="bbox 1136 2678 2169 2724; baseline -0.007 -9"><span class='ocrx_word' id='word_1_608' title='bbox 1136 2684 1239 2724; x_wconf 84' lang='lat' dir='ltr'><strong>Cujus</strong></span> <span class='ocrx_word' id='word_1_609' title='bbox 1254 2682 1353 2714; x_wconf 83' lang='lat' dir='ltr'><strong>etiam</strong></span> <span class='ocrx_word' id='word_1_610' title='bbox 1365 2682 1490 2714; x_wconf 89' lang='lat' dir='ltr'><strong>dictum</strong></span> <span class='ocrx_word' id='word_1_611' title='bbox 1503 2682 1602 2713; x_wconf 79' lang='lat' dir='ltr'><strong>fertur</strong></span> <span class='ocrx_word' id='word_1_612' title='bbox 1617 2680 1804 2722; x_wconf 88' lang='lat' dir='ltr'><strong>hujusmodi</strong></span> <span class='ocrx_word' id='word_1_613' title='bbox 1821 2678 2034 2719; x_wconf 71' lang='lat' dir='ltr'><strong>:Lysimachi</strong></span> <span class='ocrx_word' id='word_1_614' title='bbox 2046 2678 2169 2710; x_wconf 82' lang='lat' dir='ltr'><strong>aulam</strong></span> 
     </span>
     <span class='ocr_line' id='line_1_95' title="bbox 1136 2724 2170 2768; baseline -0.006 -6"><span class='ocrx_word' id='word_1_615' title='bbox 1136 2739 1160 2762; x_wconf 88' lang='lat' dir='ltr'><strong>a</strong></span> <span class='ocrx_word' id='word_1_616' title='bbox 1174 2731 1304 2762; x_wconf 74' lang='lat' dir='ltr'><strong>comica</strong></span> <span class='ocrx_word' id='word_1_617' title='bbox 1326 2737 1431 2761; x_wconf 82' lang='lat' dir='ltr'><strong>scena</strong></span> <span class='ocrx_word' id='word_1_618' title='bbox 1448 2729 1502 2761; x_wconf 76' lang='lat' dir='ltr'><strong>nil</strong></span> <span class='ocrx_word' id='word_1_619' title='bbox 1515 2728 1666 2768; x_wconf 70' lang='lat' dir='ltr'><strong>differre</strong></span> <span class='ocrx_word' id='word_1_620' title='bbox 1683 2737 1694 2759; x_wconf 91' lang='lat'><em>:</em></span> <span class='ocrx_word' id='word_1_621' title='bbox 1711 2736 1794 2759; x_wconf 87' lang='lat' dir='ltr'><strong>nam</strong></span> <span class='ocrx_word' id='word_1_622' title='bbox 1807 2735 1851 2758; x_wconf 76' lang='lat' dir='ltr'><strong>ex</strong></span> <span class='ocrx_word' id='word_1_623' title='bbox 1865 2735 1906 2757; x_wconf 87' lang='lat' dir='ltr'><strong>ea</strong></span> <span class='ocrx_word' id='word_1_624' title='bbox 1923 2733 1990 2757; x_wconf 86' lang='lat' dir='ltr'><strong>non</strong></span> <span class='ocrx_word' id='word_1_625' title='bbox 2002 2724 2170 2766; x_wconf 73' lang='lat' dir='ltr'><strong>proyredi</strong></span> 
     </span>
     <span class='ocr_line' id='line_1_96' title="bbox 1138 2773 2169 2817; baseline -0.006 -9"><span class='ocrx_word' id='word_1_626' title='bbox 1138 2778 1208 2808; x_wconf 77' lang='lat' dir='ltr'><strong>nisi</strong></span> <span class='ocrx_word' id='word_1_627' title='bbox 1223 2776 1413 2816; x_wconf 73' lang='lat' dir='ltr'><strong>disyllabos</strong></span> <span class='ocrx_word' id='word_1_628' title='bbox 1433 2775 1574 2817; x_wconf 77' lang='lat' dir='ltr'><strong>(Bithyn</strong></span> <span class='ocrx_word' id='word_1_629' title='bbox 1600 2783 1714 2815; x_wconf 87' lang='lat' dir='ltr'><strong>nempe</strong></span> <span class='ocrx_word' id='word_1_630' title='bbox 1731 2773 1866 2805; x_wconf 90' lang='lat' dir='ltr'><strong>irridens</strong></span> <span class='ocrx_word' id='word_1_631' title='bbox 1878 2796 1886 2811; x_wconf 95' lang='lat'>,</span> <span class='ocrx_word' id='word_1_632' title='bbox 1905 2774 1938 2804; x_wconf 89' lang='lat' dir='ltr'><strong>et</strong></span> <span class='ocrx_word' id='word_1_633' title='bbox 1967 2773 2093 2812; x_wconf 78' lang='lat' dir='ltr'><strong>Parin,</strong></span> <span class='ocrx_word' id='word_1_634' title='bbox 2111 2773 2169 2812; x_wconf 84' lang='lat' dir='ltr'><strong>qui</strong></span> 
     </span>
     <span class='ocr_line' id='line_1_97' title="bbox 1138 2819 2168 2865; baseline -0.007 -9"><span class='ocrx_word' id='word_1_635' title='bbox 1138 2823 1315 2865; x_wconf 88' lang='lat' dir='ltr'><strong>plurimum</strong></span> <span class='ocrx_word' id='word_1_636' title='bbox 1328 2823 1414 2864; x_wconf 90' lang='lat' dir='ltr'><strong>apud</strong></span> <span class='ocrx_word' id='word_1_637' title='bbox 1425 2822 1658 2863; x_wconf 89' lang='lat' dir='ltr'><strong>Lysimachum</strong></span> <span class='ocrx_word' id='word_1_638' title='bbox 1676 2820 1837 2859; x_wconf 88' lang='lat' dir='ltr'><strong>valebant,</strong></span> <span class='ocrx_word' id='word_1_639' title='bbox 1852 2821 1884 2851; x_wconf 90' lang='lat' dir='ltr'><strong>et</strong></span> <span class='ocrx_word' id='word_1_640' title='bbox 1900 2819 1979 2850; x_wconf 83' lang='lat' dir='ltr'><strong>alios</strong></span> <span class='ocrx_word' id='word_1_641' title='bbox 1994 2819 2168 2850; x_wconf 88' lang='lat' dir='ltr'><strong>nonnullos</strong></span> 
     </span>
     <span class='ocr_line' id='line_1_98' title="bbox 1138 2866 2166 2911; baseline -0.006 -8"><span class='ocrx_word' id='word_1_642' title='bbox 1138 2880 1179 2903; x_wconf 86' lang='lat' dir='ltr'><strong>ex</strong></span> <span class='ocrx_word' id='word_1_643' title='bbox 1192 2871 1262 2911; x_wconf 83' lang='lat' dir='ltr'><strong>cJus</strong></span> <span class='ocrx_word' id='word_1_644' title='bbox 1275 2870 1406 2911; x_wconf 82' lang='lat' dir='ltr'><strong>amicis)</strong></span> <span class='ocrx_word' id='word_1_645' title='bbox 1418 2879 1425 2900; x_wconf 92' lang='lat'>:</span> <span class='ocrx_word' id='word_1_646' title='bbox 1440 2879 1463 2902; x_wconf 84' lang='lat' dir='ltr'><strong>a</strong></span> <span class='ocrx_word' id='word_1_647' title='bbox 1475 2878 1510 2902; x_wconf 89' lang='lat' dir='ltr'><strong>se</strong></span> <span class='ocrx_word' id='word_1_648' title='bbox 1520 2878 1600 2901; x_wconf 86' lang='lat' dir='ltr'><strong>vero</strong></span> <span class='ocrx_word' id='word_1_649' title='bbox 1608 2868 1721 2910; x_wconf 77' lang='lat' dir='ltr'><strong>eqredi</strong></span> <span class='ocrx_word' id='word_1_650' title='bbox 1738 2868 1967 2905; x_wconf 79' lang='lat' dir='ltr'><strong>Peucestas,et</strong></span> <span class='ocrx_word' id='word_1_651' title='bbox 1980 2866 2166 2902; x_wconf 81' lang='lat' dir='ltr'><strong>Menelaos,</strong></span> 
     </span>
     <span class='ocr_line' id='line_1_99' title="bbox 1139 2913 2167 2958; baseline -0.006 -8"><span class='ocrx_word' id='word_1_652' title='bbox 1139 2921 1221 2950; x_wconf 70' lang='lat' dir='ltr'><strong>item</strong></span> <span class='ocrx_word' id='word_1_653' title='bbox 1239 2917 1501 2958; x_wconf 78' lang='lat' dir='ltr'><strong>Oxythemidas.</strong></span> <span class='ocrx_word' id='word_1_654' title='bbox 1520 2917 1646 2954; x_wconf 84' lang='lat' dir='ltr'><strong>Quibus</strong></span> <span class='ocrx_word' id='word_1_655' title='bbox 1659 2914 1791 2954; x_wconf 80' lang='lat' dir='ltr'><strong>auditis,</strong></span> <span class='ocrx_word' id='word_1_656' title='bbox 1807 2913 2023 2954; x_wconf 80' lang='lat' dir='ltr'><strong>Lysimachus</strong></span> <span class='ocrx_word' id='word_1_657' title='bbox 2038 2922 2046 2944; x_wconf 92' lang='lat'><strong>:</strong></span> <span class='ocrx_word' id='word_1_658' title='bbox 2063 2914 2167 2955; x_wconf 74' lang='lat' dir='ltr'><strong>Atqui</strong></span> 
     </span>
     <span class='ocr_line' id='line_1_100' title="bbox 1139 2960 2171 3007; baseline -0.006 -10"><span class='ocrx_word' id='word_1_659' title='bbox 1139 2975 1210 3007; x_wconf 76' lang='lat' dir='ltr'><strong>eqo,</strong></span> <span class='ocrx_word' id='word_1_660' title='bbox 1226 2965 1342 3005; x_wconf 87' lang='lat' dir='ltr'><strong>inquit,</strong></span> <span class='ocrx_word' id='word_1_661' title='bbox 1357 2966 1572 2996; x_wconf 76' lang='lat' dir='ltr'><strong>meretricem</strong></span> <span class='ocrx_word' id='word_1_662' title='bbox 1586 2970 1778 3003; x_wconf 79' lang='lat' dir='ltr'><strong>numquam</strong></span> <span class='ocrx_word' id='word_1_663' title='bbox 1793 2960 1867 2992; x_wconf 72' lang='lat' dir='ltr'><strong>vidi</strong></span> <span class='ocrx_word' id='word_1_664' title='bbox 1885 2968 1903 2992; x_wconf 85' lang='lat' dir='ltr'><strong>e</strong></span> <span class='ocrx_word' id='word_1_665' title='bbox 1919 2961 2053 3000; x_wconf 76' lang='lat' dir='ltr'><strong>traqica</strong></span> <span class='ocrx_word' id='word_1_666' title='bbox 2067 2968 2171 2992; x_wconf 85' lang='lat' dir='ltr'><strong>scena</strong></span> 
     </span>
     <span class='ocr_line' id='line_1_101' title="bbox 1141 3006 2170 3054; baseline -0.007 -9"><span class='ocrx_word' id='word_1_667' title='bbox 1141 3013 1399 3054; x_wconf 77' lang='lat' dir='ltr'><strong>prodeuntem:</strong></span> <span class='ocrx_word' id='word_1_668' title='bbox 1421 3012 1568 3043; x_wconf 86' lang='lat' dir='ltr'><strong>Lamiam</strong></span> <span class='ocrx_word' id='word_1_669' title='bbox 1592 3011 1704 3042; x_wconf 87' lang='lat' dir='ltr'><strong>dicens</strong></span> <span class='ocrx_word' id='word_1_670' title='bbox 1724 3008 1903 3041; x_wconf 84' lang='lat' dir='ltr'><strong>tibicinam.</strong></span> <span class='ocrx_word' id='word_1_671' title='bbox 1926 3006 2021 3044; x_wconf 85' lang='lat' dir='ltr'><strong>Quod</strong></span> <span class='ocrx_word' id='word_1_672' title='bbox 2045 3007 2170 3039; x_wconf 89' lang='lat' dir='ltr'><strong>dictum</strong></span> 
     </span>
     <span class='ocr_line' id='line_1_102' title="bbox 1141 3053 2172 3102; baseline -0.005 -10"><span class='ocrx_word' id='word_1_673' title='bbox 1141 3069 1243 3102; x_wconf 87' lang='lat' dir='ltr'><strong>quum</strong></span> <span class='ocrx_word' id='word_1_674' title='bbox 1258 3067 1370 3091; x_wconf 88' lang='lat' dir='ltr'><strong>rursus</strong></span> <span class='ocrx_word' id='word_1_675' title='bbox 1381 3058 1545 3090; x_wconf 87' lang='lat' dir='ltr'><strong>Demetrio</strong></span> <span class='ocrx_word' id='word_1_676' title='bbox 1558 3059 1643 3089; x_wconf 87' lang='lat' dir='ltr'><strong>esset</strong></span> <span class='ocrx_word' id='word_1_677' title='bbox 1656 3053 1942 3095; x_wconf 83' lang='lat' dir='ltr'><strong>relatum,regessit</strong></span> <span class='ocrx_word' id='word_1_678' title='bbox 1953 3053 2006 3086; x_wconf 89' lang='lat' dir='ltr'><strong>ille</strong></span> <span class='ocrx_word' id='word_1_679' title='bbox 2017 3063 2025 3085; x_wconf 75' lang='grc' dir='ltr'>τ</span> <span class='ocrx_word' id='word_1_680' title='bbox 2036 3055 2080 3086; x_wconf 74' lang='grc' dir='ltr'><strong>Αἰ</strong></span> <span class='ocrx_word' id='word_1_681' title='bbox 2091 3062 2172 3095; x_wconf 79' lang='lat' dir='ltr'><strong>quoe</strong></span> 
     </span>
     <span class='ocr_line' id='line_1_103' title="bbox 1142 3100 2171 3147; baseline -0.006 -9"><span class='ocrx_word' id='word_1_682' title='bbox 1142 3106 1239 3147; x_wconf 86' lang='lat' dir='ltr'><strong>apud</strong></span> <span class='ocrx_word' id='word_1_683' title='bbox 1253 3114 1306 3137; x_wconf 87' lang='lat' dir='ltr'><strong>me</strong></span> <span class='ocrx_word' id='word_1_684' title='bbox 1322 3106 1375 3137; x_wconf 84' lang='lat' dir='ltr'><strong>est</strong></span> <span class='ocrx_word' id='word_1_685' title='bbox 1387 3105 1568 3139; x_wconf 67' lang='lat' dir='ltr'><strong>mereti-iac,</strong></span> <span class='ocrx_word' id='word_1_686' title='bbox 1586 3111 1627 3135; x_wconf 88' lang='lat' dir='ltr'><strong>ea</strong></span> <span class='ocrx_word' id='word_1_687' title='bbox 1645 3102 1823 3134; x_wconf 74' lang='lat' dir='ltr'><strong>honestius</strong></span> <span class='ocrx_word' id='word_1_688' title='bbox 1838 3101 1928 3132; x_wconf 80' lang='lat' dir='ltr'><strong>vivit</strong></span> <span class='ocrx_word' id='word_1_689' title='bbox 1949 3108 2056 3141; x_wconf 79' lang='lat' dir='ltr'><strong>quam</strong></span> <span class='ocrx_word' id='word_1_690' title='bbox 2071 3100 2171 3133; x_wconf 80' lang='lat' dir='ltr'><strong>illius</strong></span> 
     </span>
     <span class='ocr_line' id='line_1_104' title="bbox 1145 3153 1324 3193; baseline -0.017 -7"><span class='ocrx_word' id='word_1_691' title='bbox 1145 3153 1324 3193; x_wconf 80' lang='lat' dir='ltr'><strong>Penelope.</strong></span> 
     </span>
    </p>
   </div>
   <div class='ocr_carea' id='block_1_21' title="bbox 1187 3261 2174 3306">
    <p class='ocr_par' dir='ltr' id='par_1_28' title="bbox 1187 3261 2174 3306">
     <span class='ocr_line' id='line_1_105' title="bbox 1187 3261 2174 3306; baseline -0.003 -9"><span class='ocrx_word' id='word_1_692' title='bbox 1187 3265 1389 3306; x_wconf 88' lang='lat' dir='ltr'><strong>Phylarchus</strong></span> <span class='ocrx_word' id='word_1_693' title='bbox 1402 3266 1496 3296; x_wconf 84' lang='lat' dir='ltr'><strong>sexto</strong></span> <span class='ocrx_word' id='word_1_694' title='bbox 1506 3263 1589 3295; x_wconf 90' lang='lat' dir='ltr'><strong>libro</strong></span> <span class='ocrx_word' id='word_1_695' title='bbox 1604 3262 1821 3295; x_wconf 88' lang='lat' dir='ltr'><strong>Historiarum</strong></span> <span class='ocrx_word' id='word_1_696' title='bbox 1836 3261 1963 3301; x_wconf 86' lang='lat' dir='ltr'><strong>scribit,</strong></span> <span class='ocrx_word' id='word_1_697' title='bbox 1976 3261 2174 3294; x_wconf 83' lang='lat' dir='ltr'><strong>Antiochum</strong></span> 
     </span>
    </p>
   </div>
   <div class='ocr_carea' id='block_1_22' title="bbox 57 3309 2175 3357">
    <p class='ocr_par' dir='ltr' id='par_1_29' title="bbox 57 3309 2175 3357">
     <span class='ocr_line' id='line_1_106' title="bbox 57 3309 2175 3357; baseline -0.001 -13"><span class='ocrx_word' id='word_1_698' title='bbox 57 3313 228 3346; x_wconf 83' lang='lat' dir='ltr'><strong>nonnullos</strong></span> <span class='ocrx_word' id='word_1_699' title='bbox 252 3314 366 3347; x_wconf 83' lang='lat' dir='ltr'><strong>multis</strong></span> <span class='ocrx_word' id='word_1_700' title='bbox 380 3315 413 3346; x_wconf 91' lang='lat' dir='ltr'><strong>in</strong></span> <span class='ocrx_word' id='word_1_701' title='bbox 439 3316 520 3348; x_wconf 92' lang='lat' dir='ltr'><strong>locis</strong></span> <span class='ocrx_word' id='word_1_702' title='bbox 537 3316 660 3357; x_wconf 84' lang='lat' dir='ltr'><strong>pluisse</strong></span> <span class='ocrx_word' id='word_1_703' title='bbox 676 3316 819 3357; x_wconf 87' lang='lat' dir='ltr'><strong>piscibus</strong></span> <span class='ocrx_word' id='word_1_704' title='bbox 835 3341 843 3356; x_wconf 95' lang='lat'>‚</span> <span class='ocrx_word' id='word_1_705' title='bbox 871 3324 958 3356; x_wconf 76' lang='lat' dir='ltr'><strong>saepe</strong></span> <span class='ocrx_word' id='word_1_706' title='bbox 983 3315 1084 3347; x_wconf 86' lang='lat' dir='ltr'><strong>etiam</strong></span> <span class='ocrx_word' id='word_1_707' title='bbox 1147 3321 1254 3353; x_wconf 83' lang='lat' dir='ltr'><strong>regem</strong></span> <span class='ocrx_word' id='word_1_708' title='bbox 1273 3312 1341 3344; x_wconf 83' lang='lat' dir='ltr'><strong>vini</strong></span> <span class='ocrx_word' id='word_1_709' title='bbox 1362 3311 1547 3343; x_wconf 83' lang='lat' dir='ltr'><strong>studiosum</strong></span> <span class='ocrx_word' id='word_1_710' title='bbox 1564 3311 1686 3350; x_wconf 83' lang='lat' dir='ltr'><strong>fuisse,</strong></span> <span class='ocrx_word' id='word_1_711' title='bbox 1700 3309 1853 3342; x_wconf 83' lang='lat' dir='ltr'><strong>inebriari</strong></span> <span class='ocrx_word' id='word_1_712' title='bbox 1872 3309 2024 3349; x_wconf 87' lang='lat' dir='ltr'><strong>solitum,</strong></span> <span class='ocrx_word' id='word_1_713' title='bbox 2042 3318 2080 3341; x_wconf 87' lang='lat' dir='ltr'><strong>ac</strong></span> <span class='ocrx_word' id='word_1_714' title='bbox 2099 3309 2175 3341; x_wconf 87' lang='lat' dir='ltr'><strong>dein</strong></span> 
     </span>
    </p>
   </div>
   <div class='ocr_carea' id='block_1_23' title="bbox 58 3357 766 3402">
    <p class='ocr_par' dir='ltr' id='par_1_30' title="bbox 58 3357 766 3402">
     <span class='ocr_line' id='line_1_107' title="bbox 58 3357 766 3402; baseline 0.004 -11"><span class='ocrx_word' id='word_1_715' title='bbox 58 3357 162 3392; x_wconf 68' lang='lat' dir='ltr'><strong>uinco</strong></span> <span class='ocrx_word' id='word_1_716' title='bbox 179 3369 187 3391; x_wconf 93' lang='lat'><strong>:</strong></span> <span class='ocrx_word' id='word_1_717' title='bbox 201 3361 280 3402; x_wconf 91' lang='lat' dir='ltr'><strong>quin</strong></span> <span class='ocrx_word' id='word_1_718' title='bbox 295 3364 328 3394; x_wconf 91' lang='lat' dir='ltr'><strong>et</strong></span> <span class='ocrx_word' id='word_1_719' title='bbox 343 3363 373 3393; x_wconf 86' lang='lat' dir='ltr'><strong>in</strong></span> <span class='ocrx_word' id='word_1_720' title='bbox 390 3363 478 3395; x_wconf 84' lang='lat' dir='ltr'><strong>ranis</strong></span> <span class='ocrx_word' id='word_1_721' title='bbox 491 3363 577 3396; x_wconf 88' lang='lat' dir='ltr'><strong>idem</strong></span> <span class='ocrx_word' id='word_1_722' title='bbox 597 3363 766 3396; x_wconf 85' lang='lat' dir='ltr'><strong>accidisse.</strong></span> 
     </span>
    </p>
   </div>
   <div class='ocr_carea' id='block_1_24' title="bbox 1116 3357 2176 3398">
    <p class='ocr_par' dir='ltr' id='par_1_31' title="bbox 1116 3357 2176 3398">
     <span class='ocr_line' id='line_1_108' title="bbox 1116 3357 2176 3398; baseline -0.003 -7"><span class='ocrx_word' id='word_1_723' title='bbox 1116 3366 1122 3385; x_wconf 62' lang='grc' dir='ltr'>ι</span> <span class='ocrx_word' id='word_1_724' title='bbox 1147 3360 1272 3391; x_wconf 82' lang='lat' dir='ltr'><strong>diutius</strong></span> <span class='ocrx_word' id='word_1_725' title='bbox 1286 3368 1402 3391; x_wconf 88' lang='lat' dir='ltr'><strong>somno</strong></span> <span class='ocrx_word' id='word_1_726' title='bbox 1415 3367 1486 3391; x_wconf 87' lang='lat' dir='ltr'><strong>sese</strong></span> <span class='ocrx_word' id='word_1_727' title='bbox 1500 3358 1629 3397; x_wconf 88' lang='lat' dir='ltr'><strong>dedere,</strong></span> <span class='ocrx_word' id='word_1_728' title='bbox 1646 3361 1717 3390; x_wconf 89' lang='lat' dir='ltr'><strong>tum</strong></span> <span class='ocrx_word' id='word_1_729' title='bbox 1730 3366 1843 3390; x_wconf 86' lang='lat' dir='ltr'><strong>rursus</strong></span> <span class='ocrx_word' id='word_1_730' title='bbox 1863 3357 1925 3390; x_wconf 92' lang='lat' dir='ltr'><strong>sub</strong></span> <span class='ocrx_word' id='word_1_731' title='bbox 1941 3365 2110 3398; x_wconf 81' lang='lat' dir='ltr'><strong>vesperam</strong></span> <span class='ocrx_word' id='word_1_732' title='bbox 2122 3365 2176 3389; x_wconf 87' lang='lat' dir='ltr'><strong>ex-</strong></span> 
     </span>
    </p>
   </div>
  </div>
 </body>
</html>
