2294 3704
113 242 182 269 mv

113 317 293 355 Philistus
307 322 490 366 quattuor
506 312 612 350 libris
625 340 635 358 ,
652 309 740 346 inde
759 321 779 344 a
794 309 933 343 decimo
946 311 1048 340 sexto
1066 313 1131 337 us-

113 389 188 427 que
218 375 265 412 ad
293 378 503 411 vicesimum
527 365 859 418 comprehendisse
878 362 1030 400 videtur
1055 359 1131 405 (0¹-

115 437 151 481 3,
172 434 310 478 3-103,
335 447 347 469 1
365 445 374 477 3
394 445 430 468 v.
452 431 495 466 fr.
521 425 716 474 116—120).
735 427 792 460 De
818 422 1004 471 Dionysio
1022 418 1131 468 juni-

112 493 171 530 ori
185 506 302 530 unum
318 492 566 539 fragmentum
583 486 616 537 (ι
626 485 692 534 27)
706 491 829 521 exstat
846 481 945 519 libro
958 483 1131 518 vicesimo

110 553 265 588 secundo
284 549 431 587 disertis
447 545 574 583 verbis
589 543 836 592 adscriptum.
857 545 952 588 Quae
966 553 1131 590 sequun—

112 618 173 646 tur
195 622 254 647 res
279 622 300 645 a
325 608 448 644 Dione
469 612 506 642 et
528 603 765 641 Timoleonte
786 609 907 651 gestas
926 599 1130 637 admodum

115 667 268 718 prolixe
289 679 308 702 a
345 665 485 701 Timaeo
513 662 654 713 (quem
683 669 818 711 praeter
832 659 1129 709 Theopompum

113 725 225 761 etiam
263 722 488 761 Plutarchus
515 729 602 758 ante
633 720 766 757 oculos
799 718 959 766 habuit)
999 729 1127 766 expo-

109 783 200 819 sitas
241 793 321 817 esse
348 792 395 816 ex
433 777 596 828 Polybio
630 777 718 814 licet
758 775 958 826 augurari3
995 787 1128 811 verum

107 853 221 890 parca
240 846 386 875 tantum
408 837 593 887 fragmina
611 835 785 886 quaedam
805 834 852 871 ad
869 846 939 870 nos
956 841 1130 870 transna-

107 906 248 944 tarum,
260 898 313 934 ita
328 905 370 934 ut
385 897 432 934 de
444 895 662 945 retingenda
674 893 861 932 librorum
878 892 1129 943 dispositione

107 969 264 1007 prorsus
285 956 331 993 sit
354 955 646 1006 desperandum.
675 956 757 990 Hoc
778 961 903 989 tamen
928 950 1018 987 mihi
1043 949 1129 1000 jure

106 1013 274 1063 quodam
286 1026 435 1050 sumere
451 1012 598 1059 videor,
609 1010 859 1048 Timoleontis
872 1008 918 1046 de
929 1008 1053 1046 Poenis
1072 1007 1129 1045 vi-

106 1073 267 1110 ctoriam
279 1073 353 1122 (Ol.
375 1086 462 1118 110,
481 1085 561 1118 ην.
574 1071 619 1108 fr.
638 1069 924 1119 134)narratam
937 1080 1018 1105 esse
1031 1066 1130 1104 libro

106 1137 283 1170 tricesimo
309 1137 442 1182 primo.
468 1135 512 1169 In
530 1130 777 1182 sequentibus
797 1141 1010 1166 sermonem
1021 1128 1129 1164 insti-

107 1191 180 1228 tuit
196 1199 331 1228 auctor
347 1190 394 1227 de
414 1190 551 1228 ceteris
571 1189 652 1239 ejus
672 1187 786 1226 rebus
806 1187 933 1237 gestis,
956 1185 1003 1222 de
1022 1186 1131 1222 novis

106 1262 200 1299 quas
220 1249 467 1299 Syracusanis
491 1248 645 1298 scripsit
676 1246 825 1297 legibus
849 1246 971 1295 deque
986 1245 1130 1281 floren-

106 1308 250 1345 tissima
287 1321 372 1358 quae
395 1307 484 1344 inde
509 1306 711 1344 subsecuta
734 1313 790 1343 est
822 1305 959 1342 Siciliae
993 1303 1129 1340 condi-

106 1365 223 1404 tione.
255 1366 324 1403 His
344 1365 550 1412 absolutis,
575 1365 711 1403 Siciliae
735 1363 989 1413 tranquillitas
1008 1363 1130 1399 otium

107 1425 197 1461 secit
223 1424 367 1461 Timaeo
398 1425 444 1461 ad
470 1437 530 1462 res
553 1425 694 1461 alienas
719 1423 932 1461 aberrandi.
956 1425 1130 1459 Accura-

106 1482 204 1519 tiora
222 1482 376 1532 quidem
400 1483 528 1520 afferri
549 1496 626 1519 non
646 1490 822 1532 possunt,
838 1481 903 1519 sed
922 1481 953 1518 si
971 1494 1018 1518 ex
1040 1480 1128 1518 reli-

106 1540 204 1589 quiis
232 1541 515 1578 conclusionem
550 1541 674 1579 facere
701 1542 810 1588 licet,
846 1541 964 1577 multa
992 1540 1032 1576 in
1059 1539 1131 1576 hac

107 1597 235 1648 operis
270 1607 378 1648 parte
410 1599 578 1636 narravit
613 1599 660 1637 de
695 1599 811 1637 rebus
840 1602 1063 1636 Graecorum
1095 1605 1133 1635 et

106 1656 337 1701 Alexandri3
354 1657 478 1708 deque
491 1658 628 1695 horum
645 1666 861 1708 temporum
880 1655 1132 1708 scriptoribus

107 1727 181 1764 qua
197 1715 292 1752 solet
309 1716 515 1754 acerbitate
533 1716 618 1753 tulit
632 1715 817 1766 judicium
850 1717 907 1766 (fr.
928 1714 1131 1764 136-143).

107 1794 159 1802 --
176 1774 355 1824 Quinque
374 1774 463 1812 libri
488 1775 672 1824 postremi
696 1773 917 1824 Agathoclis
935 1773 1133 1810 historiam

108 1832 346 1869 tradiderunt
364 1834 424 1884 (fr.
450 1839 564 1878 ilfi—1
576 1832 652 1883 55).

159 1893 256 1936 Quae
275 1891 323 1929 de
335 1892 472 1941 Pyrrhi
491 1892 530 1929 in
547 1892 657 1929 Italia
670 1899 708 1928 et
719 1890 846 1929 Sicilia
858 1889 960 1927 bello
972 1890 1135 1928 Timaeus

108 1950 407 1999 conscripserat,
453 1963 532 1988 uno
567 1950 782 2000 fragmento
817 1947 926 2000 (151)
960 1957 1135 2000 excepto,

108 2007 258 2057 perdita
280 2017 368 2046 sunt
384 2009 524 2046 omnia.

161 2070 303 2104 Praeter
313 2068 439 2105 Sicula
446 2071 584 2105 Noster
592 2067 850 2116 composuisse
863 2066 1139 2118 dicitur'Okup:

111 2123 270 2167 πιονίκας
285 2154 295 2171 ,
332 2138 429 2175 quos
467 2124 602 2163 Suidas
641 2125 811 2175 appellat
855 2124 1000 2177 χρονικὰ
1040 2140 1136 2178 πρα-

113 2181 216 2227 ξίδια.
245 2186 524 2234 Argumentum
549 2182 663 2234 hujus
681 2183 829 2234 operis,
852 2183 956 2233 quod
981 2183 1138 2221 fortasse

118 2241 291 2280 historiis
323 2243 514 2280 intextum
558 2251 661 2289 erat,
701 2242 815 2280 docet
852 2242 1035 2292 Polybius
1076 2242 1135 2294 (*).

109 2303 259 2351 Nempe
281 2302 558 2351 Spartanorum
589 2301 758 2351 ephoros
783 2314 804 2338 a
825 2302 949 2352 prima
978 2301 1135 2338 institu-

111 2358 215 2395 tione
231 2372 317 2396 cum
341 2360 551 2397 eorundem
579 2359 754 2409 regibm,
771 2359 974 2396 archontes
989 2360 1136 2396 Atticos

111 2424 149 2452 et
165 2417 383 2455 sacerdotes
412 2418 572 2456 Junonis
589 2418 740 2468 Argivae
760 2431 846 2455 cum
866 2418 1134 2468 Olympiorum

111 2474 320 2513 victoribus
340 2477 514 2514 contulit.

166 2537 250 2571 Jam
276 2548 360 2585 quae
381 2535 511 2572 Timaei
533 2534 626 2573 fides
645 2543 682 2572 et
701 2535 906 2572 auctoritas
935 2535 983 2572 sit
1005 2535 1132 2585 inqui-

112 2593 209 2629 renti
237 2594 404 2644 amplam
428 2593 648 2644 disputandi
668 2594 864 2631 materiam
884 2593 1054 2644 praebent
1079 2607 1135 2640 ea,

112 2663 196 2698 quae
213 2650 260 2687 de
280 2660 438 2689 auctore
456 2660 588 2689 nostro
604 2651 695 2689 dicit
711 2651 910 2702 Polybius,
931 2652 1137 2689 acerrimus

112 2706 192 2755 ejus
210 2709 464 2748 adversarius.
476 2711 588 2748 Plura
601 2710 725 2748 adhuc
737 2710 782 2747 de
796 2711 868 2748 hac
882 2723 923 2748 re
942 2720 1138 2760 comperta

113 2765 352 2816 haberemus,
370 2769 401 2806 si
417 2777 566 2806 aetatem
584 2769 760 2806 tulissent
772 2769 860 2807 Istri
875 2778 913 2806 et
923 2770 1138 2807 Polemonis

113 2823 196 2876 πρὸς
223 2825 374 2875 Τίμαιον
404 2827 624 2881 ἀντιγραφαί.
658 2831 735 2865 Nos
764 2841 856 2865 vero
883 2841 955 2878 pro
979 2828 1138 2865 consilio

115 2890 248 2920 nostro
266 2892 303 2920 ct
314 2885 477 2923 instituti
490 2887 636 2924 ratione
650 2887 739 2924 satis
753 2886 980 2924 habebimus
992 2900 1139 2924 summa

117 2953 241 2977 rerum
265 2944 391 2992 capita
406 2953 539 2982 contra
557 2945 739 2982 Timaeum
756 2946 991 2995 prolatarum
1007 2946 1138 2996 paucis

116 2998 245 3036 verbis
263 3000 459 3039 indicasse.
491 3004 612 3053 Igitur
628 3003 857 3053 quibusnam
879 3004 1063 3054 praesidiis
1077 3004 1138 3041 in—

117 3068 282 3097 structus
315 3062 478 3099 Timaeus
515 3064 561 3101 ad
594 3065 789 3102 historiam
823 3065 1137 3102 conscribendam

162 3164 205 3204 (⁴¹)
220 3164 330 3205 Polyb.
348 3167 427 3203 ΧΠ,
457 3169 487 3197 11
509 3176 516 3197 z
540 3168 577 3198 ‘O
605 3168 662 3209 γὰρ
687 3169 739 3204 τὰς
762 3169 936 3211 συγκρίσεις
959 3171 1139 3209 ποιούμενος

118 3211 263 3243 ἀνέκαθεν
287 3214 349 3242 τῶν
371 3211 485 3254 ἐφόρων
513 3214 586 3254 πρὸς
610 3216 679 3250 τοὺς
706 3217 839 3255 βασιλεῖς
859 3217 928 3252 τοὺς
944 3217 974 3247 ἐν
990 3217 1139 3248 Λακεδαί-

119 3270 204 3298 μονι,
222 3259 274 3290 καὶ
296 3259 365 3294 τοὺς
391 3259 541 3300 ἄρχοντας
559 3261 628 3296 τοὺς
659 3261 799 3299 Ἀθήνησι
821 3263 873 3293 καὶ
889 3263 945 3298 τὰς
963 3263 1072 3306 ἱερείας
1086 3264 1139 3300 τὰς

120 3306 151 3337 ἐν
173 3305 271 3347 Ἄργει
299 3305 503 3347 παραὸάλλων
530 3307 604 3348 πρὸς
631 3308 700 3343 τοὺς
727 3309 982 3349 Ὀλυμπιονίκας,
1005 3312 1060 3342 καὶ
1087 3311 1139 3348 τὰς

121 3352 269 3394 ἁμαρτίας
295 3355 357 3382 τῶν
378 3352 497 3384 πόλεων
524 3353 592 3395 περὶ
608 3353 661 3389 τὰς
682 3353 853 3396 ἀναγραφὰς
868 3356 921 3392 τὰς
944 3358 1061 3388 τούτων
1083 3358 1139 3394 ἐξε-

119 3398 258 3439 λέγχων,
275 3399 357 3440 παρὰ
372 3399 514 3440 τρίμηνον
530 3400 660 3440 ἐχούσας
673 3400 707 3431 τὸ
723 3401 879 3444 διαφέρον,
895 3402 982 3440 οὗτός
998 3404 1074 3436 ἐστι.

1003 214 1069 252 DE
1096 211 1293 255 TIMAEO.

1191 302 1372 340 accessit?
1406 305 1464 340 De
1497 303 1576 348 his,
1611 302 1791 352 Polybius
1823 301 2029 352 respondet
2061 300 2211 340 civilem

1191 371 1298 396 suam
1328 361 1450 411 ipsius
1482 362 1723 412 prudentiam
1764 370 1802 398 et
1834 361 1969 398 itinera
1999 373 2068 398 sua
2100 361 2213 398 tacite

1191 420 1460 457 commendans
1473 449 1483 467 ‚
1511 420 1558 459 de
1578 421 1637 458 his
1655 420 1729 458 sibi
1746 419 2012 470 comparandis
2031 431 2079 456 ne
2097 419 2213 456 mini-

1192 488 1290 512 mam
1317 478 1470 527 quidem
1493 493 1622 517 curam
1639 492 1820 529 umquam
1838 477 1995 524 habuit,
2016 477 2082 514 sed
2107 477 2213 514 velut

1192 547 1239 570 ex
1256 537 1428 585 professo
1448 539 1614 588 propriae
1636 538 1740 575 omni
1758 537 2001 588 experientiae
2021 535 2213 574 renuntia-

1191 593 1259 630 vit.
1277 595 1426 633 Etenim
1441 595 1560 646 (quod
1582 597 1707 634 multis
1719 596 1812 634 locis
1828 594 2011 645 Polybius
2024 591 2214 644 recoquit)

1191 665 1314 702 neque
1339 654 1379 691 in
1406 655 1520 693 rebus
1546 655 1692 693 bellicis
1713 668 1838 705 neque
1856 655 1896 692 in
1916 653 2031 691 rebus
2046 652 2214 704 politicis

1191 711 1306 748 ullam
1337 713 1580 763 prudentiam
1614 727 1740 751 rerum
1773 727 1844 750 usu
1879 712 2055 763 collegit,
2089 723 2215 761 neque

1191 772 1469 821 peregrinando
1497 786 1540 809 ac
1569 773 1652 810 loca
1680 785 1764 822 quae
1785 771 1966 809 describit
1989 770 2067 808 suis
2094 769 2215 807 oculis

1190 828 1389 867 lustrando
1428 843 1558 868 veram
1594 843 1728 868 eorum
1776 829 2032 879 cognitionem
2076 841 2214 878 capere

1190 887 1346 934 studuit,
1365 888 1430 926 sed
1451 902 1521 939 per
1540 888 1815 939 quinquaginta
1835 899 1954 924 annos
1971 885 2128 924 Athenis
2146 885 2215 923 dt,b

1190 958 1280 995 gens
1307 947 1400 984 nihil
1426 946 1539 994 fecit,
1569 947 1642 984 nisi
1669 947 1709 984 in
1742 946 1880 984 lectulo
1908 944 2050 982 cubans
2084 943 2145 981 vel
2173 944 2215 981 in

1191 1004 1433 1043 bibliothecis
1455 1014 1628 1043 versatus
1657 1005 1831 1056 priorum
1857 1003 2088 1053 scriptorum
2107 1014 2217 1039 com-

1192 1065 1398 1103 mentarios
1413 1066 1668 1116 pervolutare,
1688 1077 1820 1102 eorum
1837 1061 2085 1114 inquisitione
2099 1069 2216 1099 mate·

1192 1123 1287 1160 riam
1299 1137 1537 1172 coacervare,
1554 1123 1656 1161 dicta
1671 1124 1772 1160 inter
1782 1136 1822 1160 se
1836 1121 2080 1169 contendere,
2091 1128 2217 1158 errata

1191 1181 1408 1220 observare.
1444 1185 1525 1220 Hac
1559 1182 1639 1220 sola
1672 1182 1848 1219 facultate
1879 1179 2065 1231 praeditus
2096 1193 2219 1230 quum

1192 1240 1392 1278 historiam
1421 1244 1519 1279 bene
1551 1242 1718 1278 scribere
1743 1240 1973 1286 confideret,
2001 1239 2135 1276 similis
2159 1246 2218 1276 est

1191 1312 1324 1336 eorum
1354 1301 1421 1350 qui
1441 1300 1622 1350 spectatis
1641 1300 1886 1349 antiquorum
1911 1296 2050 1335 tabulis
2069 1296 2216 1334 idcirco

1191 1357 1423 1396 arbitrantur
1441 1359 1598 1396 idoneos
1617 1371 1657 1396 se
1673 1358 1841 1409 pictores
1859 1365 1897 1394 et
1918 1356 1958 1394 in
1977 1364 2059 1393 arte
2078 1355 2216 1407 praeci-

1191 1430 1311 1467 puos‚
1333 1418 1394 1455 vel
1416 1417 1652 1455 medicorum
1671 1417 1848 1462 illorum,
1873 1415 1939 1465 qui
1963 1427 2139 1465 magnam
2157 1413 2216 1452 sui

1192 1477 1485 1514 ostentationem
1507 1476 1686 1513 facientes
1705 1483 1742 1513 et
1759 1472 2101 1525 pollicitationibus
2115 1473 2217 1510 mul·

1193 1536 1397 1574 titudinem
1419 1536 1627 1574 allicientes
1640 1563 1650 1581 ,
1677 1534 1709 1571 si
1725 1534 1773 1571 ad
1794 1524 2101 1583 experimentum
2121 1545 2213 1583 per-

1193 1595 1417 1642 trahuntur,
1468 1600 1656 1644 apparent
1687 1590 1929 1642 ineptissimi.
1978 1593 2055 1628 Nec
2091 1590 2217 1627 solum

1192 1662 1354 1704 propter
1381 1654 1461 1690 haec
1493 1651 1666 1690 historici
1697 1663 1853 1688 munere
1881 1657 1969 1699 apte
1999 1649 2105 1697 fungi
2135 1661 2216 1686 non

1193 1713 1340 1763 potuit,
1364 1712 1430 1750 sed
1449 1712 1563 1749 etiam
1577 1710 1628 1749 ob
1643 1711 1835 1748 infirmum
1853 1716 1891 1746 et
1908 1708 2053 1758 puerile
2066 1707 2213 1758 judiei-

1192 1785 1277 1819 um,
1303 1771 1354 1808 ob
1379 1771 1603 1821 degenerem
1633 1783 1740 1808 suam
1765 1777 1803 1807 et
1828 1767 2053 1806 muliebrem
2076 1781 2215 1818 super-

1194 1830 1410 1876 stitionem,
1434 1830 1487 1867 ita
1512 1837 1555 1866 ut
1578 1842 1626 1866 ne
1653 1828 1701 1866 de
1723 1828 1771 1865 iis
1795 1826 1950 1877 quidem
1967 1826 2102 1875 rebus,
2121 1839 2217 1877 quas

1193 1890 1276 1940 ipse
1299 1890 1417 1926 oculis
1441 1888 1647 1939 spectavit,
1665 1900 1790 1938 neque
1816 1886 1862 1924 de
1887 1887 1999 1934 locis,
2014 1899 2111 1936 quos
2133 1886 2217 1936 ipse

1195 1948 1293 1999 pede
1311 1949 1442 1993 trivit,
1463 1961 1596 1985 sanum
1617 1946 1828 1998 quidquam
1846 1953 1997 1992 narret,
2015 1953 2058 1982 ut
2075 1945 2218 1996 ineptis

1197 2007 1337 2045 fabulis
1356 2006 1412 2059 (1)
1429 2014 1467 2044 et
1485 2006 1694 2056 antiquitus
1716 2005 1864 2043 traditis
1885 2003 2134 2055 opinionibus
2151 2017 2215 2041 re—

1197 2067 1316 2104 fertus
1339 2066 1407 2112 sit,
1427 2074 1470 2103 ut
1493 2066 1591 2103 scitu
1615 2065 1728 2115 digna
1755 2064 1907 2102 omittat
1932 2061 2008 2115 (2),
2032 2063 2218 2100 vilissima

1197 2138 1357 2177 quaeque
1382 2125 1423 2162 in
1453 2124 1620 2162 medium
1653 2123 1836 2174 proferat.
1874 2125 2010 2172 Itaque
2030 2121 2113 2159 fieri
2139 2135 2217 2159 non

1198 2193 1337 2236 potest,
1358 2184 1452 2234 quin
1468 2184 1506 2220 in
1524 2183 1650 2234 prima
1663 2182 1791 2233 operis
1811 2189 1940 2232 parte,
1955 2179 2023 2218 ubi
2046 2180 2093 2217 de
2109 2180 2217 2217 colo—

1198 2244 1271 2281 niis
1288 2251 1326 2280 et
1338 2241 1496 2280 urbibus
1514 2241 1679 2279 conditis
1700 2241 1791 2291 agit,
1811 2239 2054 2290 geographiae
2066 2238 2218 2276 inscitia

1198 2303 1422 2353 plerumque
1438 2300 1602 2346 labatur,
1621 2308 1736 2350 atque
1752 2298 1988 2349 pragmatica
2002 2295 2084 2347 ejus
2099 2296 2218 2334 histo-

1196 2362 1252 2398 ria
1276 2375 1322 2399 ex
1343 2360 1447 2398 omni
1466 2359 1514 2397 sit
1532 2372 1703 2396 errorum
1721 2357 1884 2395 colluvie
1905 2363 2095 2393 concreta.
2121 2354 2218 2392 Inde

1195 2433 1344 2457 errores
1359 2419 1422 2456 isti
1437 2418 1483 2456 de
1494 2418 1622 2456 Africa
1635 2425 1674 2455 et
1689 2417 1843 2454 Corsica
1858 2417 1959 2465 (XII,
1975 2415 2028 2466 3),
2041 2413 2089 2452 de
2101 2413 2217 2451 rebus

1196 2478 1376 2516 Sardiniae
1392 2485 1431 2514 et
1449 2476 1657 2527 praesertim
1675 2476 1795 2514 Italiae
1812 2475 1913 2524 (XII,
1935 2472 1988 2524 5),
2009 2473 2058 2511 de
2071 2476 2218 2511 Locro-

1196 2550 1280 2574 rum
1300 2537 1447 2586 origine
1467 2536 1578 2583 (XII,
1601 2535 1622 2572 5
1648 2533 1719 2584 sq.)
1733 2563 1742 2581 ,
1772 2533 1819 2570 de
1842 2533 1933 2569 loeis
1952 2532 2053 2569 circa
2072 2530 2216 2569 Padum

1196 2596 1355 2632 fluvium
1371 2594 1437 2645 (ΙΙ,
1462 2593 1534 2643 16),
1553 2593 1601 2630 de
1618 2596 1881 2630 Romanorum
1902 2603 2005 2627 more
2022 2589 2110 2639 equi
2128 2597 2216 2627 ante

1196 2655 1332 2692 urbem
1350 2651 1586 2691 sacrificandi
1600 2651 1706 2702 (XII,
1726 2657 1760 2695 4,
1780 2649 1832 2695 6),
1850 2649 1898 2685 de
1910 2649 2095 2685 Arethusa
2111 2647 2217 2686 fonte

1198 2713 1302 2765 (XII,
1323 2718 1358 2760 4,
1375 2711 1442 2761 d.),
1465 2711 1512 2748 de
1529 2719 1637 2747 tauro
1654 2707 1862 2746 Phalaridis
1879 2707 1983 2756 (XII,
2006 2706 2082 2756 25).

1249 2771 1444 2808 Mitiorem
1474 2769 1632 2806 fortasse
1652 2765 1875 2818 praebuisset
1895 2778 1934 2802 se
1958 2763 2159 2814 Polybius,
2183 2765 2214 2802 si

1197 2843 1346 2868 errores
1362 2829 1447 2866 illos
1460 2841 1507 2865 ex
1523 2827 1602 2864 sola
1617 2838 1742 2863 rerum
1756 2823 1948 2875 imperitia
1959 2831 1996 2860 et
2003 2823 2142 2873 judicii
2158 2823 2218 2860 in-

1198 2888 1376 2925 firmitate
1406 2886 1600 2937 profectos
1633 2897 1714 2921 esse
1744 2890 1919 2934 putaret3
1945 2882 2011 2919 sed
2032 2882 2215 2932 quoniam

1199 2948 1393 2985 voluntate
1424 2957 1511 2982 eum
1548 2957 1590 2981 ac
1627 2951 1732 2980 certo
1767 2941 1968 2992 proposito
2005 2954 2028 2978 a
2059 2940 2218 2978 veritate

1240 3075 1285 3115 (1)
1310 3074 1442 3115 Propter
1463 3073 1644 3105 fabularum
1662 3073 1694 3103 et
1712 3071 1845 3103 anilium
1867 3072 2122 3102 commentorum
2139 3068 2215 3100 mul-

1199 3123 1390 3160 titudinem,
1407 3129 1447 3152 ex
1471 3129 1535 3160 qua
1559 3129 1617 3152 sua
1643 3119 1803 3159 congessit
1827 3117 2150 3150 Pseudo-Aristoteles
2170 3120 2216 3148 De

1199 3169 1313 3201 mirab.
1337 3167 1496 3206 auscult„
1519 3166 1779 3208 Γραοσυλλέκτρια
1803 3163 1980 3205 appellatus
2002 3165 2051 3195 est
2070 3172 2078 3193 ι
2094 3171 2127 3194 v.
2148 3162 2216 3194 Sui-

1201 3215 1258 3248 das
1275 3224 1301 3247 s.
1322 3223 1354 3246 v.
1375 3213 1504 3254 Τίμαιος
1517 3215 1549 3244 et
1562 3211 1804 3251 Δεισιδαιμονία,
1823 3210 1880 3242 ubi
1902 3209 2072 3250 Polybium
2087 3210 2161 3249 XII,
2177 3209 2215 3240 24

1197 3261 1386 3302 exscripsit3
1403 3259 1543 3299 Hesych.
1561 3258 1629 3290 Mil.
1643 3266 1676 3298 p.
1693 3259 1741 3288 54.

1241 3309 1285 3350 (2)
1310 3311 1437 3341 Mancas
1453 3315 1524 3339 esse
1547 3304 1678 3345 Timaei,
1695 3303 1789 3336 simul
1807 3311 1883 3334 vero
1898 3302 1994 3334 etiam
2018 3301 2144 3342 polybii
2169 3300 2214 3333 hi·

1198 3356 1313 3388 storias
1326 3364 1423 3387 suum
1438 3362 1520 3395 opus
1538 3351 1671 3384 laudans
1685 3350 1763 3382 dicit
1782 3351 1911 3389 Dionys.
1928 3350 1999 3381 Hal.
2022 3351 2058 3381 Α.
2074 3350 2112 3381 R.
2129 3356 2160 3389 p.
2177 3351 2214 3387 ὃ,

1200 3409 1248 3436 25.
1267 3403 1315 3435 Cf.
1335 3401 1487 3436 Niebuhr.
1513 3400 1595 3433 nist.
1622 3401 1715 3431 Rom.
1731 3400 1808 3430 tom.
1825 3399 1850 3438 1,
1865 3406 1895 3438 p.
1913 3398 1979 3428 146.
