2320 3684
765 167 1064 210 PHYLARCHI
1090 162 1426 206 FRAGMENTA.

44 265 247 319 λουμένου.»
264 264 338 305 Sed
359 264 440 302 haec
461 275 484 300 a
501 259 718 299 scholiastae
735 257 867 296 verbis
884 257 999 295 nimis
1015 269 1082 294 re-

45 326 196 366 cedunt.
214 329 344 373 Quare
363 335 435 360 nos
462 319 619 372 quidem
641 317 690 356 ad
707 316 918 366 Pherecyd.
940 316 988 353 sr.
1009 327 1077 352 101

46 383 289 424 scribendum
317 379 593 433 proposuimus
622 391 632 414 ε
662 379 724 415 τοῦ
744 391 784 414 τε
802 373 895 413 κατὰ
921 373 963 412 τὸ
981 371 1085 424 λεγό-

47 459 150 495 μενον
171 444 252 495 (vel
270 444 332 480 τοῦ
350 436 587 490 καλουμένου)
611 434 819 487 αὐτόχθονος
834 433 894 472 καὶ
909 431 990 486 περὶ
1014 433 1084 470 τῶν

46 502 117 540 ἀπὸ
147 501 305 555 γεφυρῶν
340 495 581 548 καλουμένων.
605 499 751 534 Verum
783 502 866 531 tum
891 503 963 530 nos
988 491 1086 542 fugit

47 561 201 600 Miilleri
214 558 434 609 conjectura
450 556 492 593 in
504 554 605 592 libro
628 553 676 591 de
705 551 878 603 AEschyli
896 549 1083 589 Eumeni—

47 619 161 658 dihus
178 632 216 671 p.
237 617 309 655 106
326 623 365 654 et
397 615 470 653 156
503 613 717 665 proposita.
738 614 807 650 Est
826 618 954 649 autem
981 609 1083 646 haec:

47 682 108 717 τοῦ
137 676 175 716 δὲ
205 675 286 715 κατ’
317 672 569 725 Ἇλαλκόμενον
597 670 656 711 τὸν
695 669 889 723 αὐτόχθονα
925 668 985 709 καὶ
1015 669 1085 706 τῶν

48 736 129 790 περὶ
138 736 244 783 Ἄτης
251 734 358 788 λόφον
367 734 429 772 vel
439 731 608 786 κορυφήν.
619 734 818 770 Postrema
829 730 892 782 (cf.
901 727 1086 781 Apollod.

50 798 123 846 111,
147 810 209 843 12,
228 794 265 847 3)
283 793 505 842 incertiora,
522 805 566 830 ac
589 799 753 843 propter
769 790 895 829 Servii
922 797 962 827 et
988 789 1087 826 alte-

50 856 130 894 rius
159 853 312 906 Virgilii
339 851 563 903 interpretis
586 849 707 889 verba
732 862 814 900 quae
843 850 882 886 in
902 854 1088 898 corrupto

50 916 117 954 illo
135 914 336 967 αὖτεφυρῶν
355 924 489 950 vocem
507 911 665 964 γεφυρῶν
684 910 802 947 latere
822 907 1004 956 suadent,
1021 907 1090 945 vix

52 973 254 1026 probanda
283 978 410 1010 erunt.
446 970 580 1009 Priora
607 982 698 1007 vero
732 968 879 1020 optime
912 967 1088 1005 restituta

53 1046 158 1081 esse,
189 1031 340 1070 affatim
371 1037 479 1081 patet
507 1037 590 1066 tum
617 1042 666 1067 ex
699 1028 746 1066 iis
777 1040 864 1078 quae
895 1026 945 1064 de
971 1027 1088 1065 Alca—

54 1105 164 1130 mene
179 1091 362 1142 leguntur
379 1088 484 1140 apud
499 1088 692 1127 Plutarch.
710 1095 802 1126 tom.
818 1090 923 1134 XIV,
941 1100 980 1138 p.
997 1087 1088 1137 289,

54 1155 216 1190 Pausan.
235 1152 274 1198 1,
314 1149 377 1196 33,
411 1153 448 1197 4,
484 1147 665 1198 Stephan.
686 1150 776 1197 Byz.
801 1159 830 1184 s.
852 1161 890 1185 v.
920 1145 1091 1184 Ἀλαλκο-

55 1208 189 1262 μένιον,
204 1217 286 1247 tum
301 1207 406 1259 quod
423 1220 524 1245 unus
543 1206 642 1245 liber
658 1219 775 1244 manu
791 1206 959 1258 scriptus
974 1205 1091 1244 habet

55 1267 330 1320 καταλκόμενον.

549 1330 613 1369 80Δ

109 1396 341 1438 Plutarchus
365 1399 424 1434 De
436 1395 541 1434 Iside
560 1403 599 1433 et
619 1394 722 1434 Osir.
751 1407 800 1444 29
822 1407 832 1433 ε
859 1423 868 1432 .
884 1423 893 1432 .
908 1392 987 1432 ουδὲ
1008 1395 1091 1434 Φυ-

58 1454 194 1510 λάρχου
228 1454 278 1507 μὴ
311 1459 561 1508 καταφρονεῖν,
587 1451 780 1507 γράφοντος
807 1451 861 1491 ὅτι
878 1454 1017 1506 πρῶτος
1044 1453 1091 1496 εἷς

59 1514 238 1567 Αἴγυπτον
258 1513 293 1559 ἐξ
314 1513 433 1553 Ἰνδῶν
454 1511 619 1556 Διόνυσος
645 1512 758 1562 ἤγαγε
777 1510 837 1549 δύο
856 1514 950 1564 βοῦς,
976 1505 1025 1549 ὧν
1048 1504 1091 1559 ἦν

57 1574 108 1626 τῷ
124 1571 188 1625 μὲν
201 1566 304 1616 Ἆπις
319 1571 443 1623 ὄνομα,
459 1573 511 1625 τῷ
527 1571 557 1609 δ’
573 1570 726 1625 Ὄσιρις,
757 1570 919 1623 Σάραπις
937 1569 969 1608 δ’
980 1569 1092 1621 ὄνομα

16 1653 18 1656 ·
58 1637 120 1673 τοῦ
146 1633 187 1672 τὸ
218 1638 289 1672 πᾶν
322 1631 537 1684 κοσμοῦντός
569 1633 662 1681 ἐστι,
694 1630 793 1685 παρὰ
826 1630 866 1670 τὸ
901 1630 1048 1684 σαίρειν,
1074 1630 1093 1669 ὃ

59 1691 243 1732 καλλύνειν
276 1690 366 1735 τινὲς
392 1691 452 1730 καὶ
478 1697 623 1743 κοσμεῖν
655 1689 828 1742 λέγουσιν.
862 1689 998 1729 Ἄτοπα
1025 1690 1093 1743 γὰρ

60 1754 172 1790 ταῦτα
198 1752 261 1789 τοῦ
290 1749 509 1804 Φυλάρχου,
542 1751 665 1803 πολλῷ
684 1749 715 1788 δ’
735 1748 941 1803 ἀτοπώτερα
959 1748 1006 1788 τὰ
1022 1751 1092 1788 τῶν

61 1809 233 1862 λεγόντων
251 1825 288 1849 κ.
310 1826 344 1849 τ.
363 1811 397 1849 λ.

491 1877 679 1893 ⁴000-—

547 1920 610 1958 81.

346 1986 543 2024 Parthenii
563 1985 719 2024 Erotica
742 1987 804 2025 31.

405 2063 508 2095 ΠΕΡΙ
540 2063 754 2094 ΔΙΜΟΙΤΟΥ.

414 2127 545 2170 Ἱστορεῖ
565 2127 741 2170 Φύλαρχος.

117 2191 269 2246 Λέγεται
286 2192 323 2232 δὲ
339 2193 398 2232 καὶ
418 2193 590 2245 Διμοίτην
608 2192 831 2247 ἁρμόσασθαι
851 2192 915 2244 μὲν
935 2195 1093 2247 Τροιζῆ-

107 2385 375 2421 contemnendus
399 2386 497 2419 etiam
519 2385 731 2427 Phylarchus,
748 2385 804 2427 qui
826 2385 940 2418 scribit
954 2386 1097 2427 primum

67 2444 107 2468 ex
123 2434 216 2468 India
228 2433 393 2466 Bacchum
417 2433 594 2466 adduxisse
615 2433 718 2465 boves
734 2433 838 2474 duos,
859 2442 999 2474 quorum
1021 2434 1101 2475 Apis

69 2482 158 2523 alter,
171 2482 252 2515 alter
269 2482 373 2515 Osiris
399 2482 442 2514 sit
457 2481 565 2514 dictus
580 2491 588 2513 :
601 2483 744 2514 ceterum
755 2481 888 2522 Sarapin
898 2490 970 2514 esse
982 2490 1101 2514 nomen

67 2532 137 2572 ejus
149 2530 205 2572 qui
214 2530 411 2563 Universum
423 2528 552 2562 ordinet
561 2531 659 2570 atque
668 2530 773 2568 ornet,
788 2529 876 2570 quod
886 2538 968 2562 voce
980 2530 1100 2573 σαίρειν

68 2577 202 2618 quidam
226 2576 414 2618 exprimunt
429 2586 437 2607 :
455 2577 533 2609 sunt
550 2576 638 2609 enim
660 2576 732 2609 haec
749 2576 923 2617 Phylarchi
942 2576 1095 2609 absurda.

68 2624 170 2657 Multa
184 2624 375 2657 absurdiora
389 2626 467 2657 sunt
480 2632 554 2666 quae
571 2624 703 2666 quidam
719 2624 872 2657 dicunt...

474 2699 694 2714 “Cu-»-

550 2752 613 2784 81.

443 2827 497 2854 DE
534 2826 726 2856 DIMOETA.

110 2874 225 2906 Narrat
250 2873 451 2915 Phylarchus
466 2883 474 2904 :
489 2875 604 2905 Fertur
629 2874 787 2906 Dimoetas
809 2873 842 2906 in
858 2875 1101 2907 matrimonium

71 2918 201 2954 duxisse
215 2920 379 2954 Troezenis
392 2920 502 2953 fratris
523 2920 623 2954 filiam
647 2922 795 2963 Euopin;
811 2931 914 2963 quum
936 2931 1014 2955 vero
1030 2922 1098 2954 ani-

72 2967 318 3008 madvertisset,
342 2976 413 3000 eam
428 2967 471 3000 ob
494 2968 719 3001 vehementem
742 2977 886 3001 amorem
907 2978 983 3002 cum
1002 2969 1101 3002 fratre

71 3021 291 3055 consuescere,
307 3015 470 3047 indicasse
485 3015 517 3047 id
535 3015 698 3056 T1·oezeni;
722 3015 777 3048 illa
800 3017 872 3049 tum
888 3017 930 3049 ob
948 3017 1101 3050 timorem

73 3063 105 3093 et
117 3062 272 3103 pudorem
295 3071 330 3095 se
346 3063 450 3104 ipsam
472 3063 699 3104 suspendisse,
715 3064 819 3096 multa
831 3067 926 3097 antea
941 3066 1027 3098 mala
1042 3066 1101 3098 im·

73 3109 234 3150 precataei
244 3109 299 3151 qui
313 3110 411 3150 hujus
425 3109 618 3143 calamitatis
630 3110 692 3142 sihi
705 3110 721 3142 s
721 3111 822 3144 uisset
833 3120 966 3152 caussa3
984 3113 1102 3144 Dimoe-

72 3155 212 3188 nevero
231 3165 295 3188 non
318 3157 422 3189 multo
446 3159 592 3198 tempore
615 3159 690 3198 post
710 3158 864 3191 incidisse
880 3159 914 3191 in
934 3160 1102 3192 mulierem

73 3203 178 3243 specie
209 3203 304 3236 valde
322 3204 490 3245 pulchram
508 3213 549 3236 ex
574 3205 655 3237 mari
679 3205 832 3238 fluctibus
848 3207 983 3247 ejectam
997 3230 1006 3246 ,
1027 3216 1103 3239 cum

74 3259 174 3293 eaque
193 3253 369 3295 cupiditate
407 3254 559 3287 incensus
577 3263 770 3296 congressus
793 3265 881 3296 esse;
910 3257 980 3298 ejus
995 3259 1101 3289 autem

74 3306 190 3340 corpus
203 3309 305 3341 quum
323 3300 366 3332 ob
381 3302 534 3342 temporis
551 3302 815 3343 longinquitatem
831 3313 1027 3336 marcescere
1039 3313 1102 3335 cce-

75 3344 186 3388 pisset,
202 3355 355 3388 magnum
372 3348 402 3380 ei
421 3349 583 3380 tumulum
598 3351 814 3390 exstruxisse,
829 3353 927 3391 atque
942 3359 1045 3391 quum
1061 3359 1101 3382 ne

75 3390 124 3424 nic
137 3393 267 3434 quidem
285 3394 376 3427 dolor
393 3396 580 3436 remitteret,
596 3397 658 3428 sihi
674 3397 735 3438 ipsi
751 3400 890 3431 mortem
906 3399 1045 3430 dedisse.

2089 166 2161 199 35⁷

1135 268 1191 297 νος
1203 253 1375 307 τάδελφοῦ
1403 249 1576 304 θυγατέρα
1590 249 1734 290 Εὖῶπιν
1747 264 1756 272 ·
1772 246 2018 299 αἰσθανόμενος
2032 247 2068 286 δὲ
2082 263 2166 286 συν-

1136 315 1245 350 οῦσαν
1275 310 1384 359 αὐτὴν
1414 309 1472 348 διὰ
1499 308 1646 363 σφοδρὸν
1673 306 1787 362 ἔρωτα
1814 307 1977 361 τάδελφῷ
2009 307 2167 355 δηλῶσαι

1138 372 1189 423 τῷ
1207 372 1393 424 Τροιζῆνι·
1412 368 1476 416 τὴν
1498 367 1534 407 δὲ
1552 368 1610 406 διὰ
1622 367 1662 407 τὸ
1679 365 1755 411 δέος
1772 366 1832 406 καὶ
1853 365 2024 419 αἰσχύνην
2047 367 2167 420 ἀπαρ-

1137 430 1245 474 τῆσαι
1264 427 1387 476 αὑτὴν,
1400 425 1516 466 πολλὰ
1533 425 1701 480 πρότερον
1714 424 1857 480 λυπηρὰ
1869 424 2167 479 καταρασαμένην

1138 488 1190 539 τῷ
1206 486 1307 539 αἰτίῳ
1324 490 1386 533 τῆς
1415 492 1612 540 συμφορᾶς·
1641 484 1723 524 ἔνθα
1742 484 1785 532 δὴ
1810 484 1869 524 τὸν
1901 484 2071 536 Διμοίτην
2092 486 2168 536 μετ’

1139 545 1178 582 οὖ
1205 543 1315 583 πολὺν
1338 542 1462 598 χρόνον
1489 546 1666 598 ἐπιτυχεῖν
1688 543 1829 596 γυναικὶ
1861 543 1959 595 μάλα
1991 545 2083 596 καλῇ
2104 542 2168 591 τὴν

1139 602 1232 656 ὄψιν,
1255 602 1323 641 ὑπὸ
1344 604 1413 641 τῶν
1432 602 1600 653 κυμάτων
1620 601 1887 654 ἐκὸεὸλημένῃ,
1907 601 1968 640 καὶ
1998 603 2104 650 αὐτῆς
2123 604 2171 646 εἷς

1140 662 1327 713 ἐπιθυμίαν
1351 661 1496 700 ἐλθόντα
1518 667 1689 701 συνεῖναι·
1711 664 1759 706 ὡς
1790 660 1826 700 δὲ
1855 661 1924 709 ἤδη
1954 661 2103 700 ἐνεδίδου
2130 662 2171 701 τὸ

1141 722 1247 772 σῶμα
1277 719 1334 759 διὰ
1362 722 1473 772 μ’ἦκος
1501 719 1642 773 χρόνου,
1658 722 1776 773 χῶσαι
1796 722 1884 772 αὐτῇ
1916 720 2026 772 μέγαν
2046 721 2170 775 τάφον,

1140 779 1200 818 καὶ
1221 778 1331 823 οὕτως
1359 778 1408 830 μὴ
1434 777 1613 830 ἀνιέμενον
1644 782 1706 818 τοῦ
1730 778 1861 824 πάθους
1888 778 2171 834 ἐπικατασφάξαι

1142 837 1259 877 αὑτόν.

1626 896 1690 935 82.

1196 957 1326 996 Schol.
1350 954 1506 994 Pindari
1527 958 1638 994 Nem.
1664 959 1732 1004 IV,
1760 956 1804 994 81
1830 971 1838 994 :
1866 956 2058 1010 Φύλαρχός
2088 971 2175 1010 φησι

1142 1015 1251 1057 Θέτιν
1270 1014 1356 1069 πρὸς
1373 1011 1572 1068 ϋΗφαιστον
1590 1015 1700 1053 ἐλθεῖν
1718 1016 1766 1058 εἷς
1780 1014 1838 1054 τὸν
1856 1012 2057 1065 Ὄλυμπον,
2077 1014 2173 1059 ὅπως

1143 1075 1299 1128 Ἀχιλλεῖ
1318 1073 1411 1112 ὅπλα
1435 1072 1699 1126 κατασκευάσῃ.
1729 1073 1802 1112 Τὸν
1833 1073 1870 1112 δὲ
1894 1077 2058 1121 ποιῆσαι·
2080 1076 2174 1128 ἐρω-

1142 1136 1248 1178 τικῶς
1271 1132 1307 1172 δὲ
1330 1131 1458 1185 ἔχοντα
1482 1131 1541 1171 τὸν
1567 1131 1768 1186 εἭφαιστον
1794 1132 1880 1187 πρὸς
1907 1133 1970 1181 τὴν
1999 1132 2119 1182 Θέτιν,
2139 1135 2177 1171 οὔ

1144 1193 1250 1247 φάναι
1272 1191 1313 1231 ’ἂν
1345 1191 1468 1231 δώσειν
1497 1192 1608 1244 αὖτ’ῇ,
1636 1193 1666 1229 εἷ
1696 1191 1745 1243 μὴ
1770 1193 1866 1245 αὐτῷ
1897 1192 2176 1245 προσομιλῆσαι·

1143 1251 1208 1299 τὴν
1234 1252 1271 1290 δὲ
1300 1252 1397 1304 αὐτῷ
1417 1249 1658 1303 ὑποσχέσθαι,
1674 1249 1786 1289 θέλειν
1816 1249 1937 1302 μέντοι
1958 1251 2178 1299 ὁπλίζεσθαι,

1145 1310 1238 1355 ὅπως
1261 1310 1318 1363 ἴδῃ
1340 1312 1370 1348 εἷ
1384 1308 1529 1364 ἁρμόζει
1556 1309 1578 1348 ἃ
1598 1309 1802 1357 ἐπεποιήκει
1826 1309 1919 1349 ὅπλα
1938 1313 1988 1364 τῷ
2010 1310 2179 1366 Ἀχιλλεῖ·

1144 1369 1224 1418 ἴσην
1241 1368 1310 1423 γὰρ
1327 1368 1436 1417 αὑτὴν
1456 1369 1579 1422 ἐκείνῳ
1603 1368 1712 1421 ἔλεγε.
1732 1371 1807 1408 Τοῦ
1826 1368 1863 1408 δὲ
1888 1369 2180 1423 παραχωρήσαν-

1144 1445 1214 1478 τος,
1222 1427 1462 1479 ὃπλισαμένην
1473 1427 1537 1475 τὴν
1548 1427 1655 1468 Θέτιν
1670 1434 1802 1481 φυγεῖν,
1811 1428 1870 1467 τὸν
1886 1427 1922 1466 δὲ
1937 1430 1975 1466 οὖ
1990 1428 2180 1480 δυνάμενον

1145 1487 1371 1536 καταλαὸεῖν,
1388 1490 1521 1542 σφῦρα-ν
1545 1486 1665 1526 λαὸεῖν
1692 1487 1857 1540 (βαλεῖνέ)
1884 1487 1944 1526 καὶ
1961 1488 2113 1532 πατάξαι
2136 1489 2184 1530 εἷς

1145 1547 1186 1586 τὸ
1204 1545 1333 1600 σφυρὸν
1351 1545 1414 1593 τὴν
1433 1544 1555 1586 Θέτιν·
1572 1544 1636 1594 τὴν
1653 1545 1691 1586 δὲ
1709 1548 1826 1589 κακῶς
1843 1547 2056 1585 διατεθεῖσαν
2072 1547 2182 1584 ἐλθεῖν

1147 1608 1195 1651 εἷς
1221 1605 1421 1645 Θετταλίαν
1442 1605 1502 1643 καὶ
1523 1606 1664 1652 ἰαθῆναι
1684 1606 1719 1644 ἐν
1736 1607 1786 1658 τῇ
1807 1603 1907 1644 πόλει
1925 1604 2037 1658 ταύτῃ
2054 1608 2098 1658 τῇ
2122 1605 2184 1643 ἀπ’

1147 1665 1279 1712 ἐκείνης
1302 1664 1472 1719 Θετιδείῳ
1488 1664 1703 1718 καλουμένῃ.

1201 1729 1360 1764 Tzetzes
1396 1724 1445 1762 ad
1469 1725 1767 1775 Lycophronem
1808 1724 1895 1773 175,
1914 1733 1941 1762 t.
1968 1725 2007 1776 1.)
2030 1738 2069 1775 p.
2109 1725 2184 1768 445

1148 1783 1209 1822 ed.
1234 1784 1389 1821 Miiller.
1413 1797 1422 1819 ε
1443 1782 1714 1835 Ἀναρτηθείσης
1740 1781 1777 1820 δὲ
1805 1782 1939 1829 ἐκείνης
1968 1783 2045 1833 (τῆς
2071 1782 2182 1820 Ἀντι-

1150 1841 1266 1894 γόνης)
1284 1840 1397 1896 ᾤχετο
1418 1841 1448 1892 (ὃ
1477 1840 1635 1894 Πηλεὺς)
1654 1843 1701 1885 εἷς
1730 1841 1847 1880 Φθίαν
1877 1841 1937 1880 καὶ
1964 1841 2072 1881 Θέτιν
2092 1840 2186 1892 ἄγων

1150 1900 1210 1940 ἐπὶ
1227 1899 1435 1939 τῶνῖππων
1464 1901 1552 1938 οἰκεῖ
1580 1901 1616 1938 ἐν
1648 1900 1835 1954 Φαρσάλῳ
1867 1900 1928 1939 καὶ
1956 1900 2141 1953 Θετιδείῳ,
2169 1899 2188 1938 ὃ

1149 1961 1312 1999 καλεῖται
1338 1959 1408 1998 ἀπὸ
1431 1962 1494 2007 τῆς
1512 1959 1659 2004 Θέτιδος
1674 1963 1697 2007 ἡ
1717 1959 1835 2009 πόλις,
1852 1959 1945 1998 κατὰ
1961 1960 2024 2012 μὲν
2042 1959 2189 2013 Φύλαρ-

1151 2034 1214 2072 χον
1236 2018 1290 2057 ὅτι
1317 2018 1539 2069 ὃπλισαμένη
1568 2018 1613 2057 τὰ
1642 2018 1735 2057 ὅπλα
1759 2021 1865 2073 ἔφυγε
1885 2019 1945 2058 τὸν
1972 2019 2188 2072 (Ἥφαιστον,

1151 2077 1214 2116 καὶ
1253 2077 1304 2128 μὴ
1329 2078 1552 2132 πληρώσασα
1574 2077 1699 2117 τούτου
1721 2078 1779 2117 τὸν
1803 2077 1936 2132 ἔρωτα,
1955 2079 2131 2130 πληγεῖσα
2153 2077 2190 2115 δὲ

1150 2135 1210 2175 τὸν
1234 2135 1327 2175 πόδα
1352 2137 1410 2175 ὑπ’
1438 2138 1545 2175 αὐτοῦ
1590 2136 1719 2191 σφύρᾳ,
1748 2139 1783 2176 ἐν
1822 2137 2004 2191 Θετταλίᾳ
2041 2139 2190 2176 ἐλθοῦσα

1152 2197 1248 2234 ἰᾶται
1265 2197 1300 2234 ἐν
1319 2198 1371 2249 τῷ
1397 2196 1458 2234 ἀπ’
1479 2197 1586 2243 αὖτῆς
1606 2196 1772 2244 κληθέντι
1795 2196 1982 2250 Θετιδείῳ.

1643 2326 1705 2358 82.

1202 2381 1405 2423 Phylarchus
1426 2382 1596 2415 Thetidem
1620 2384 1667 2415 ait
1690 2384 1723 2415 in
1747 2383 1922 2424 Olympum
1944 2384 1985 2416 ad
2010 2384 2191 2417 Vulcanum

1160 2429 1292 2462 venisse
1307 2429 1348 2462 ab
1362 2439 1466 2471 eoque
1479 2430 1624 2472 petiisse,
1643 2431 1679 2463 ut
1693 2431 1811 2463 Achilli
1833 2440 1922 2463 arma
1947 2431 2065 2464 faceret
2080 2441 2087 2462 ε
2105 2431 2192 2462 hunc

1160 2476 1323 2511 fecisseid
1336 2478 1482 2520 quidem,
1502 2479 1559 2511 sed
1571 2478 1719 2511 Thetidis
1735 2488 1844 2511 amore
1858 2481 1990 2520 captum
2006 2479 2138 2512 dixisse,
2157 2487 2192 2510 se

1160 2525 1190 2557 ei
1214 2535 1280 2558 non
1306 2527 1460 2559 daturum
1478 2535 1550 2559 esse
1575 2535 1665 2559 arma
1678 2551 1687 2566 ,
1708 2526 1770 2559 nisi
1799 2535 1874 2558 cum
1892 2526 1964 2567 ipso
1980 2525 2193 2558 concubitura

1159 2575 1245 2606 esset
1262 2583 1270 2606 ε
1287 2583 1366 2609 eam,
1382 2574 1444 2609 hoc
1471 2573 1649 2615 pollicitam
1670 2582 1758 2614 esse,
1785 2573 1929 2605 voluisse
1958 2574 2065 2605 tamen
2099 2575 2192 2605 antea

1159 2628 1248 2652 arma
1264 2621 1419 2659 induere,
1445 2623 1483 2653 ut
1496 2620 1641 2659 videret,
1664 2620 1691 2652 si
1713 2622 1788 2660 apta
1806 2621 1914 2652 essent
1929 2619 2067 2660 Achilli,
2095 2628 2130 2652 sc
2145 2629 2192 2651 ea-

1160 2667 1235 2701 dem
1246 2675 1321 2699 cum
1339 2667 1463 2700 Achille
1478 2675 1550 2699 esse
1563 2668 1687 2699 statura
1699 2667 1872 2699 dicentem.
1890 2666 1985 2703 Quod
2001 2675 2103 2706 quum
2115 2666 2193 2698 Vul-

1161 2722 1264 2746 canus
1281 2715 1508 2752 concessisset,
1525 2713 1715 2746 Themidem
1731 2714 1830 2745 armis
1845 2713 2037 2745 instructam
2052 2713 2191 2754 fugisse;

1160 2760 1252 2792 illum
1271 2770 1348 2793 vero
1364 2770 1466 2802 quum
1480 2770 1545 2792 non
1563 2762 1673 2801 posset
1689 2759 1856 2792 Thetidem
1874 2760 2069 2799 prehendere
2081 2784 2090 2800 ,
2114 2761 2192 2792 arri-

1159 2808 1270 2848 puisse
1289 2807 1452 2847 malleum,
1472 2816 1575 2848 eoque
1587 2806 1761 2847 (conjecto)
1776 2806 1944 2838 Thetidem
1958 2806 2146 2839 vulnerasse
2159 2807 2192 2838 in

1159 2854 1247 2895 talo;
1277 2855 1362 2887 hanc
1389 2855 1507 2886 deinde
1534 2854 1616 2886 male
1633 2863 1668 2886 se
1692 2853 1863 2885 habentem
1881 2853 1914 2884 in
1932 2853 2133 2885 Thessaliam
2158 2862 2193 2886 se

1160 2902 1338 2935 contulisse
1350 2904 1382 2934 et
1400 2903 1547 2935 sanatam
1560 2910 1631 2935 esse
1646 2900 1680 2932 in
1695 2900 1791 2940 urbe,
1807 2908 1882 2941 quac
1896 2899 1938 2932 ab
1953 2909 1991 2933 ea
1998 2900 2191 2933 Thetideum

1160 2950 1276 2982 vocata
1288 2950 1350 2981 est.

1646 3008 1708 3041 83.

1203 3067 1314 3103 Quum
1328 3065 1488 3106 Antigone
1505 3074 1540 3097 se
1554 3065 1779 3106 suspendisset
1793 3088 1802 3104 ‚
1819 3065 1931 3098 Peleus
1954 3066 2104 3098 Phthiam
2122 3077 2191 3109 pro·

1161 3113 1265 3145 fectus
1281 3115 1341 3152 est,
1356 3114 1454 3152 atque
1465 3112 1635 3144 Thetidem
1652 3121 1749 3144 curru
1770 3113 1891 3145 vehens
1907 3114 1999 3154 equis
2015 3114 2096 3155 illis,
2110 3124 2194 3156 quos

1161 3170 1180 3194 a
1193 3163 1343 3201 Neptuno
1356 3162 1533 3201 acceperat,
1546 3161 1674 3201 Junct0‚
1692 3161 1837 3193 Pharsali
1858 3161 2069 3203 Thetideique
2085 3163 2193 3196 sedem

1161 3209 1350 3249 constituit,
1371 3217 1446 3249 quae
1469 3209 1546 3241 urbs
1566 3218 1685 3241 nomen
1709 3209 1806 3242 habet
1824 3219 1842 3242 a
1856 3210 1991 3243 Thetide
2013 3212 2192 3244 secundum

1161 3257 1393 3297 phylarchum,
1410 3256 1496 3298 quod
1514 3259 1614 3289 armis
1639 3256 1798 3290 instructa
1813 3258 1996 3290 Vulcanum
2020 3258 2112 3299 sugit,
2126 3268 2192 3291 non

1162 3304 1278 3335 satiato
1290 3303 1358 3343 ejus
1371 3312 1480 3336 amore
1491 3327 1500 3342 ,
1516 3304 1685 3335 vulnerata
1699 3305 1807 3337 autem
1823 3304 1864 3337 ab
1882 3314 1921 3337 eo
1937 3305 2052 3338 malleo
2065 3305 2098 3337 in
2112 3305 2193 3347 pede

1161 3350 1195 3382 in
1219 3349 1416 3382 Thessaliam
1434 3350 1591 3392 profecta,
1607 3351 1770 3392 Thetidei‚
1787 3352 1875 3393 quod
1890 3352 1931 3384 ab
1949 3361 1986 3385 ea
2006 3361 2123 3385 nomen
2143 3362 2191 3385 ac·-

1161 3397 1259 3439 ccpit,
1275 3399 1387 3430 sanata
1409 3400 1468 3430 est.
1523 3434 1527 3437 ⁴
