2320 3684
146 223 219 259 228

145 303 214 341 ἀπὸ
232 306 291 341 τοῦ
311 301 471 352 σώματος
496 301 730 354 εἰργασμένων
757 299 877 342 οὐδείς.
897 298 941 340 Ὁ
969 299 1005 338 δὲ
1022 299 1080 338 ἵνα
1104 316 1168 339 πι-

146 362 225 404 στὸς
242 363 332 414 φανῇ
353 359 443 398 κατὰ
460 359 523 406 τὴν
545 358 791 410 αἰσχρολογίαν
812 357 871 395 καὶ
887 356 951 405 τὴν
969 358 1053 405 ὅλην
1074 361 1172 396 ἀναι-

146 419 311 472 σχυντίαν
354 419 411 457 καὶ
453 416 780 471 προσ-κατέψευσται
817 416 981 468 τάνδρὸς,
1018 416 1173 468 κωμικόν

146 494 223 516 τινα
247 478 407 531 μάρτυρα
427 474 803 529 προσεπισπασάμενος
838 473 1032 526 ἀνώνυμον.
1062 474 1173 515 Πόθεν

147 538 176 575 δ’
198 536 266 585 ἐγὼ
295 534 602 586 καταστοχάζομαι
626 537 751 581 τοῦτο,
780 535 919 586 πρῶτον
948 532 1024 583 μὲν,
1050 535 1090 572 ἐκ
1113 538 1173 572 τοῦ

146 594 335 649 πεφυκέναι
352 593 411 631 καὶ
424 593 614 645 τετράφθαι
633 593 750 634 καλῶς
770 590 1005 645 Δημοχάρην,
1029 593 1175 646 ἀδελφι-

149 657 227 693 δοῦν
250 654 332 691 ὄντα
353 651 608 702 Δημοσθένους.
630 651 815 705 Δεύτερον,
847 653 887 690 ἐκ
909 656 970 690 τοῦ
993 652 1041 704 μὴ
1070 652 1173 704 μόνον

147 711 356 765 στρατηγίας
378 710 479 749 αὐτὸν
494 710 665 757 ἠξιῶσθαι
684 711 766 765 παρ’
784 710 993 758 Ἀθηναίοις,
1010 710 1100 750 ἀλλὰ
1116 711 1175 749 καὶ

145 774 213 810 τῶν
249 770 364 808 ἄλλων
389 772 514 820 τιμῶν,
541 763 588 808 ὧν
619 769 715 808 οὐδὲν
746 769 786 808 ἂν
814 771 909 823 αὐτῷ
947 769 1176 823 συνεξέδραμε

146 828 320 871 τοιαύταις
355 828 504 880 ’τυχίαις
535 828 734 866 παλαίοντι.
755 827 818 867 Διὸ
842 828 901 867 καὶ
922 829 1014 867 δοκεῖ
1029 844 1088 880 μοι
1107 829 1176 868 Τί-

148 902 247 938 μαιος
259 889 325 939 οὐχ
335 885 426 925 οὕτω
445 886 677 940 Δημοχάρους
689 889 964 940 κατηγορεῖν,ὡς
974 887 1176 935 Ἀθηναίων,

146 946 180 984 οἳ
198 949 351 984 τοιοῦτον
367 945 474 998 ἄνδρα
492 948 659 998 προῆγον,
678 945 738 983 καὶ
763 945 910 998 τοιούτῳ
939 944 1000 992 τὴν
1025 946 1176 999 πατρίδα
1201 977 1202 980 ,

148 1003 300 1047 καὶτοὺς
318 1004 423 1047 ἰδίους
443 1003 535 1056 βίους
559 1003 777 1057 ἐνεχείριζον.
802 1004 895 1043 Ἀλλ’
915 1005 977 1042 οὐκ
1000 1003 1074 1042 ἔστι
1092 1003 1177 1043 τού-

146 1080 214 1102 των
235 1062 332 1101 οὐδέν
346 1078 354 1086 ·
376 1064 415 1101 οὗ
437 1061 504 1116 γὰρ
535 1061 576 1100 ἂν
614 1061 811 1116 Ἀρχέδικος
837 1065 855 1100 ὁ
879 1062 1176 1116 κωμῳδιογράφος

147 1121 243 1173 ἔλεγε
277 1125 388 1160 ταῦτα
428 1120 530 1172 μόνος
559 1121 637 1175 περὶ
668 1121 919 1174 Δημοχάρους,
949 1123 995 1164 ὡς
1027 1120 1204 1171 Τίμαῑόςιι

147 1196 251 1234 φησιν
265 1196 273 1204 ·
294 1179 385 1218 ἀλλὰ
413 1179 536 1218 πολλοὶ
560 1179 621 1230 μὲν
641 1179 682 1217 ἂν
702 1182 771 1218 τῶν
802 1178 1027 1233 Ἀντιπάτρου
1054 1179 1177 1233 φίλων,

151 1240 228 1277 καθ’
249 1233 287 1277 οὗ
301 1237 608 1292 πεπαῤῥησίασται
632 1237 746 1277 πολλὰ
771 1238 830 1276 καὶ
851 1238 1026 1289 δυνάμενα
1054 1239 1175 1275 λυπεῖν

148 1301 186 1336 οὔ
207 1299 310 1350 μόνον
331 1298 433 1337 αὐτὸν
465 1298 700 1352 Ἀντίπατρον,
722 1298 812 1337 ἀλλὰ
843 1299 902 1337 καὶ
934 1297 1013 1342 τοὺς
1049 1297 1178 1336 ἐκείνου

149 1356 330 1409 διαδόχους
349 1357 407 1395 καὶ
427 1357 545 1409 φίλους
564 1355 758 1407 γεγονότας·
792 1356 914 1394 πολλοὶ
941 1357 976 1393 δὲ
997 1358 1065 1393 τῶν
1086 1357 1180 1393 ἀντι-

148 1414 464 1466 πεπολιτευμένων,
492 1409 539 1452 ὧν
567 1409 609 1462 ἦν
640 1415 699 1453 καὶ
725 1415 925 1467 Δημήτριος
942 1417 959 1452 ὁ
977 1412 1177 1466 Φαληρεύς·
1202 1410 1205 1440 '=·

149 1468 188 1511 οῧ
208 1475 336 1516 ἐκεῖνος
361 1475 399 1511 οὖ
425 1473 488 1519 τὴν
508 1478 681 1525 τυχοῦσαν
700 1473 890 1519 πεποίηται
909 1471 1122 1525 κατηγορίαν
1144 1474 1178 1509 ἐν
1202 1473 1205 1517 ξ

147 1537 224 1575 ταῖς
259 1531 445 1584 ἱστορίαις,
481 1531 638 1585 φάσκων,
672 1531 774 1569 αὐτὸν
803 1535 958 1570 τοιοῦτον
999 1529 1177 1581 γεγονέναι
1202 1528 1205 1568 Ι

148 1589 347 1643 προστάτην
368 1593 429 1636 τῆς
449 1589 614 1644 πατρίδος
627 1619 635 1635 ,
657 1589 716 1628 καὶ
732 1590 789 1627 ἐπὶ
803 1588 936 1632 τούτοις
950 1588 1179 1640 σεμνύνεσθαι

149 1649 242 1687 κατὰ
262 1648 324 1696 τὴν
345 1649 537 1694 πολιτείαν,
559 1649 610 1702 ἐφ’
632 1643 682 1692 οἷς
709 1648 749 1686 ἂν
775 1648 835 1686 καὶ
860 1647 1013 1695 τελώνης
1034 1662 1180 1698 σεμνυν-

150 1708 222 1754 θείη
243 1707 264 1753 ἢ
288 1707 468 1760 βάναυσος.
500 1707 586 1745 Ἐπὶ
606 1706 682 1760 γὰρ
700 1709 750 1759 τῷ
773 1705 887 1744 πολλὰ
916 1707 976 1744 καὶ
991 1707 1180 1748 λυσιτελῶς

149 1768 340 1805 πωλεῖσθαι
359 1765 450 1803 κατὰ
468 1765 532 1811 τὴν
551 1765 662 1812 πόλιν,
697 1766 756 1803 καὶ
784 1766 912 1818 δαψιλῆ
941 1762 984 1802 τὰ
1009 1764 1094 1817 πρὸς
1120 1763 1178 1802 τὸν

152 1825 225 1876 βίον
240 1824 420 1877 Υὑπάρχειν
442 1830 562 1871 πᾶσιν,
584 1824 640 1861 ἐπὶ
668 1822 802 1866 τούτοις
826 1823 910 1876 φησὶ
943 1825 1177 1874 μεγαλαυχεῖν
1203 1857 1206 1877 ¹

935 216 1100 254 TlMAEI
1129 216 1460 259 FRAGMENTA.

1226 301 1304 342 οὔτε
1320 305 1544 360 Δημήτριος,
1563 306 1635 345 οὔτ’
1655 307 1758 351 ἄλλος
1780 307 1888 352 οὐδεὶς
1911 309 2042 362 εἰρήκει
2071 308 2151 366 περὶ
2175 317 2253 361 Δη-

1228 362 1404 416 μοχάρους
1421 369 1575 403 τοιοῦτον
1594 365 1704 404 οὐδέν.

1280 423 1421 461 Eadem
1450 437 1572 475 usque
1606 425 1653 462 ad
1680 425 1793 463 verba
1828 426 1891 464 Διὸ
1914 427 2006 465 δοκεῖ
2030 443 2089 479 μοι
2104 430 2255 481 Τίμαιος

1227 481 1344 520 habet
1382 483 1516 521 Suidas
1545 497 1573 521 s.
1608 498 1643 522 v.
1672 484 1899 538 Δημοχάρης.
1946 487 2124 526 Comicus
2169 491 2252 536 ille,

1228 540 1325 578 sieut
1338 544 1525 580 Kiisterus
1555 551 1688 593 putat,
1716 545 1957 583 Democlides
1988 547 2060 583 fuit
2087 561 2110 585 a
2137 548 2254 587 Suida

1228 611 1343 650 supra
1362 601 1549 638 laudatus.
1567 605 1709 639 Verum
1730 604 1859 652 paullo
1882 613 1967 654 post
1980 605 2162 655 Polybius
2181 611 2254 644 Ar—

1228 657 1429 694 chedicum
1452 660 1641 696 comicum
1656 670 1940 700 commemorat.
1962 666 2089 713 Atque
2110 667 2255 702 Demo-

1228 716 1344 753 clides
1357 746 1367 763 ,
1384 716 1613 755 observante
1632 720 1862 757 Ruhnkenio
1874 750 1884 768 ‚
1906 734 1981 757 non
2000 730 2058 758 est
2072 722 2254 764 comicus,

1229 774 1295 811 sed
1310 784 1441 813 orator
1453 777 1616 814 Atticus.
1635 781 1769 828 Itaque
1788 787 1831 815 ut
1850 780 1932 816 loca
1947 780 2073 818 Suidae
2090 789 2128 817 et
2141 781 2254 831 Poly-

1229 833 1284 872 bii
1302 835 1402 872 inter
1419 848 1458 872 se
1475 837 1684 886 pugnantia
1710 838 1980 886 concilientur,
2004 839 2255 878 Ruhnkenius

1229 896 1267 932 in
1286 895 1380 932 Hist.
1411 897 1494 933 crit.
1510 900 1616 935 Orat.
1632 911 1686 948 gr.
1715 912 1752 949 p.
1768 902 1875 937 XCII
1893 901 2137 938 statuendum
2161 913 2255 939 cen—

1230 962 1310 1001 set,
1327 967 1347 990 a
1363 955 1500 992 Timaeo
1525 956 1720 1005 duplicem
1754 958 1950 1008 proditum
1981 972 2062 997 esse
2091 959 2255 998 convicii

1230 1021 1423 1051 auctorem
1438 1014 1694 1052 Archedicum
1709 1024 1747 1052 et
1760 1017 2039 1064 Democlidem;
2053 1017 2257 1068 Polybium

1230 1086 1321 1110 vero
1342 1081 1380 1110 et
1397 1072 1551 1110 Suidam
1571 1074 1661 1111 satis
1680 1072 1880 1123 habuisse,
1901 1077 2128 1114 alterutrum
2145 1091 2166 1114 e
2182 1077 2253 1115 Ti-

1233 1145 1327 1168 maeo
1344 1145 1653 1170 commemorare.

1710 1218 1796 1258 142.

1285 1294 1421 1343 Polyb.
1442 1298 1531 1342 XII,
1548 1308 1606 1343 12,
1621 1295 1664 1332 b:
1681 1295 1896 1348 Κατηγορεῖν
1917 1295 1976 1334 καὶ
1993 1296 2166 1351 διασύρειν
2185 1300 2254 1336 τῶν

1231 1350 1501 1404 ὂνειρωττόντων
1519 1351 1578 1389 καὶ
1596 1351 1842 1401 δαιμονώντων
1859 1354 1893 1391 ἐν
1910 1359 1980 1397 τοῖς
1994 1356 2255 1407 ὑπομνήμασιν·

1231 1407 1306 1446 ὅσοι
1330 1424 1366 1460 γε
1387 1408 1456 1460 μὴν
1480 1409 1576 1447 αὐτοὶ
1596 1409 1730 1456 πολλὴν
1751 1413 1812 1457 τῆς
1828 1410 1992 1459 τοιαύτης
2003 1414 2256 1465 ἐμπεποίηνται

1232 1466 1419 1520 φλυαρίας,
1437 1466 1516 1510 τοὺς
1535 1466 1710 1511 τοιούτους
1729 1470 1867 1522 ἀγαπᾷν
1889 1468 1930 1507 ἂν
1949 1469 2020 1509 δέοι
2047 1471 2097 1523 μὴ
2119 1473 2255 1526 τυγχά-

1232 1541 1351 1568 νοντας
1370 1525 1598 1579 κατηγορίας,
1620 1526 1710 1577 μηδέ
1739 1543 1772 1565 τι
1802 1528 1862 1565 καὶ
1888 1531 1958 1567 τῶν
1988 1529 2103 1568 ἄλλων
2135 1531 2257 1575 αὐτοὺς

1232 1584 1460 1638 κατατρέχειν
1473 1614 1483 1632 ,
1524 1584 1542 1623 ὃ
1566 1575 1768 1635 συμόέὸηκε
1803 1586 1882 1640 περὶ
1921 1587 2072 1640 Τίμαιον
2085 1605 2093 1614 ·
2130 1591 2256 1636 ἐκεῖνος

1231 1641 1298 1696 γὰρ
1318 1642 1453 1681 κόλακα
1476 1642 1539 1694 μὲν
1564 1637 1652 1682 εἶναί
1672 1660 1756 1696 φησι
1780 1644 1838 1683 τὸν
1854 1647 2093 1696 Καλλισθένην
2113 1647 2158 1688 τὰ
2179 1664 2255 1688 τοι-

1233 1704 1321 1739 αῦτα
1354 1702 1548 1756 γράφοντα,
1583 1702 1641 1740 καὶ
1670 1704 1832 1742 πλεῖστον
1865 1704 2008 1758 ἀπέχειν
2037 1707 2256 1762 φιλοσοφίας,

1231 1760 1351 1814 κόραξι
1371 1762 1406 1799 δὲ
1434 1761 1653 1815 προσέχοντα
1686 1762 1746 1800 καὶ
1783 1763 2078 1816 κορυὸαντιώσαις
2103 1765 2255 1816 γυναιξί·

1233 1820 1374 1863 δικαίως
1393 1820 1421 1858 δ’
1439 1821 1541 1858 αὐτὸν
1557 1821 1616 1858 ὑπ’
1636 1819 1856 1874 Ἀλεξάνδρου
1872 1822 2070 1874 τετευχέναι
2088 1824 2256 1879 τιμωρίας

150 1881 342 1920 αὐτόν·καὶ
363 1881 404 1928 δὴ
426 1881 478 1920 ὅτι
507 1882 650 1934 κοχλίας
679 1881 874 1932 αὐτόματος
901 1882 1048 1933 βαδίζων
1067 1896 1181 1935 προη-
1203 1888 1206 1909 ³
1234 1877 1462 1932 διεφθαρκότα
1481 1878 1544 1926 τὴν
1570 1879 1700 1918 ἐκείνου
1726 1879 1841 1933 ψυχὴν
1873 1881 2020 1920 καθόσον
2043 1876 2112 1926 οἷός
2141 1899 2179 1922 τε
2199 1878 2255 1932 ἧν.

149 1947 243 1992 γεῖτο
257 1944 318 1987 τῆς
331 1943 474 1991 πομπῆς
489 1943 582 1993 αὐτῷ
594 1971 603 1987 ,
621 1940 739 1978 σίαλον
755 1939 954 1986 ἀναπτύων,
970 1939 1031 1978 σὺν
1046 1938 1082 1977 δὲ
1101 1938 1181 1977 τού-
1203 1923 1206 1966 Ι
1233 1937 1460 1988 Δημοσθένην
1508 1937 1570 1989 μὲν
1613 1938 1672 1976 καὶ
1709 1938 1786 1982 τοὺς
1832 1938 1957 1983 ἄλλους
1989 1940 2136 1994 ῥήτορας
2178 1941 2257 1987 τοὺς

149 2015 219 2042 τοις
239 1999 311 2038 ὄνοι
328 1999 560 2050 διεπέμποντο
581 1998 637 2036 διὰ
657 2002 716 2036 τοῦ
732 1998 874 2050 θεάτρου
897 1998 998 2050 (διότι
1027 1997 1067 2045 δὴ
1091 1997 1181 2036 πάν-
1203 2039 1207 2049 ¹
1233 1996 1310 2034 κατ’
1342 1998 1470 2035 ἐκεῖνον
1505 1996 1562 2035 τὸν
1591 1997 1710 2049 καιρὸν
1739 1997 1967 2048 ἀκμάσαντας
2000 2001 2155 2046 ἐπαινεῖ,
2196 2001 2256 2040 καὶ

149 2073 218 2096 των
228 2060 366 2103 τῶντῆς
384 2057 555 2099 Ἑλλάδος
569 2056 848 2110 καλῶνήπατρὶς
859 2062 1179 2110 παρακεχωρηκυῖα
1203 2050 1207 2101 ⁴2
1233 2055 1317 2107 φησὶ
1337 2058 1398 2101 τ’ἦς
1419 2055 1587 2098 Ἑλλάδος
1610 2055 1723 2100 ἀξίους
1741 2055 1941 2108 γεγονέναι,
1961 2056 2048 2096 διότι
2070 2065 2145 2103 ταῖς
2163 2059 2256 2097 Ἀλε-

149 2122 219 2159 τοῖς
239 2115 374 2163 ἄλλοις,
399 2115 506 2153 ἐποίει
531 2115 751 2168 Κασσάνδρῳ
775 2114 815 2153 τὸ
839 2114 1179 2168 προσταττόμενον)·
1201 2111 1207 2192 l

150 2175 209 2213 ἐπὶ
229 2173 362 2217 τούτοις
382 2174 484 2212 αὐτὸν
506 2175 569 2212 οὐκ
588 2173 816 2226 αἰσχύνεσθαί
837 2189 952 2227 φησιν.
974 2173 1066 2212 Ἀλλ’
1086 2172 1179 2223 ὅμως

149 2295 213 2326 que
225 2294 295 2318 eam
312 2285 545 2326 turpitudinem
558 2294 623 2316 non
643 2285 748 2316 solum
764 2293 860 2316 nemo
885 2284 1046 2325 paulisper
1062 2282 1176 2315 libera-

150 2333 224 2364 liter
236 2333 406 2364 institutus
427 2333 524 2364 homo
542 2331 729 2372 protulerit,
750 2331 806 2363 sed
826 2340 867 2363 ne
886 2331 972 2363 ullus
989 2330 1120 2371 quidem
1135 2339 1175 2362 ex

152 2379 204 2418 iis,
217 2379 273 2419 qui
288 2379 319 2410 in
337 2378 458 2410 fornice
471 2380 633 2419 quaestum
649 2387 780 2419 corpore
797 2379 951 2410 fecerunt.
970 2378 1031 2410 Hic
1047 2386 1125 2409 vero
1140 2379 1177 2408 ut

151 2426 220 2458 suis
248 2425 396 2457 obscenis
420 2428 518 2466 atque
545 2425 790 2466 impudentibus
813 2424 990 2457 maledictis
1013 2423 1177 2463 fidemad-

153 2474 303 2511 strueret,
319 2472 415 2504 etiam
431 2473 492 2504 hoc
506 2472 712 2504 mendacium
727 2472 884 2503 adversus
908 2471 1046 2502 eundem
1066 2470 1176 2502 virum

150 2519 278 2560 adjecit,
307 2519 465 2551 comicum
493 2519 656 2560 quendam
681 2519 770 2551 nullo
797 2518 926 2550 nominc
954 2520 1067 2550 testem
1084 2518 1178 2549 advo-

151 2575 240 2598 cans.
273 2568 436 2605 Ceterum,
454 2566 579 2598 mentiri
596 2567 766 2606 Timaeum,
780 2574 837 2606 ego
851 2565 925 2597 inde
939 2566 1074 2606 conjicio
1092 2589 1099 2595 .
1118 2565 1178 2605 pri-

155 2622 258 2653 mum,
274 2613 360 2654 quod
378 2613 593 2644 Demochares
618 2614 651 2644 et
667 2615 762 2645 natus
779 2614 829 2645 est
844 2615 876 2644 et
888 2612 1043 2644 educatus
1065 2612 1177 2643 libera-

156 2659 226 2691 liter
241 2685 250 2700 ,
273 2660 393 2701 quippe
416 2661 642 2692 Demosthenis
660 2660 778 2692 sororis
801 2659 884 2691 iilius
902 2668 910 2690 ε
931 2659 1066 2698 deinde,
1089 2658 1177 2700 quod

150 2715 214 2737 non
231 2708 371 2747 praetura
382 2707 499 2746 solum,
510 2706 565 2739 sed
579 2709 612 2738 et
627 2707 741 2738 ceteris
757 2706 933 2738 honoribus
950 2706 991 2737 ab
1006 2706 1176 2738 Athenien-

151 2753 242 2785 sibus
255 2756 304 2785 est
317 2756 461 2793 ornatus,
475 2763 549 2794 quae
562 2754 707 2795 profecto
734 2762 899 2794 nunquam
918 2756 1002 2785 esset
1017 2753 1152 2793 adeptus
1163 2777 1172 2791 ,

152 2800 179 2831 si
202 2800 389 2841 hujusmodi
412 2800 540 2841 probris
564 2801 802 2832 contaminatus
830 2801 957 2833 fuisset.
989 2802 1102 2840 ltaque
1129 2800 1178 2831 Ti-

152 2855 254 2878 maeus
270 2846 348 2878 mihi
361 2847 490 2887 quidem
505 2847 634 2879 videtur
646 2857 710 2879 non
728 2851 794 2879 tam
814 2849 1044 2880 Democharem
1057 2871 1065 2886 ‚
1079 2855 1176 2888 quam

154 2892 365 2924 Athenienses
379 2894 534 2925 conviciis
550 2894 725 2933 incessere,
748 2894 803 2935 qui
822 2894 916 2926 talem
937 2894 1042 2926 virum
1065 2902 1177 2925 evexe-

155 2938 230 2976 rint,
247 2938 340 2978 eique
347 2940 578 2979 rempublicam
593 2949 630 2972 ac
641 2940 840 2981 singulorum
857 2942 959 2973 vitam
975 2939 1177 2972 commenda-

155 2985 230 3015 rint.
249 2985 308 3016 sed
326 2984 418 3025 longe
431 2986 523 3018 aliter
539 2996 572 3018 se
589 2996 639 3019 res
661 2988 767 3020 habet.
786 2990 895 3028 Neque
914 2988 1000 3019 enim
1023 2996 1107 3018 unus
1123 2989 1177 3018 Ar-

156 3031 309 3062 chedicus
321 3054 330 3069 ‚
353 3034 447 3071 poeta
465 3034 612 3065 comicus
625 3057 633 3072 ‚
655 3035 724 3066 haec
741 3034 780 3066 de
801 3034 999 3066 Demochare
1021 3033 1175 3072 dixisset,

154 3086 227 3117 quac
240 3078 308 3108 vult
316 3078 458 3110 Timaeus
473 3089 479 3110 :
498 3080 554 3110 sed
569 3082 601 3112 et
617 3090 656 3112 ex
670 3081 830 3121 Antipatri
845 3080 1054 3112 familiaribus
1070 3079 1174 3118 multi,

154 3123 187 3154 in
201 3132 296 3163 quem
310 3125 522 3157 Demochares
534 3127 637 3158 multa
649 3127 784 3166 dixerat,
797 3137 871 3168 quae
884 3136 948 3158 non
963 3127 1070 3167 ipsum
1080 3126 1176 3158 modo

155 3170 382 3210 Antipatrum,
411 3172 466 3202 sed
489 3173 557 3212 ejus
579 3173 674 3204 etiam
708 3183 912 3206 successores
934 3176 1032 3214 atque
1056 3173 1176 3205 amicos

149 3216 320 3256 ⁴offendere
337 3218 495 3257 poterant,
509 3221 577 3249 tum
593 3228 668 3251 vero
685 3221 813 3260 plurimi
829 3230 870 3253 ex
886 3221 937 3259 iis„
962 3220 1017 3260 qui
1033 3220 1176 3251 diversas

156 3263 188 3294 in
204 3261 365 3302 republica
381 3264 486 3302 partes
499 3265 713 3303 sequebantur
731 3276 737 3296 :
752 3267 834 3298 inter
848 3276 930 3307 quos
944 3267 1006 3298 suit.
1021 3269 1053 3297 et
1066 3268 1177 3298 Deme-

157 3309 238 3340 trius
253 3309 435 3341 Phalereus,
453 3318 549 3349 quem
562 3311 691 3350 quidem
708 3314 921 3344 Demochares
937 3322 1003 3345 non
1016 3313 1130 3344 leviter
1142 3313 1176 3344 in

157 3354 300 3387 Historia
315 3363 373 3385 sua
392 3356 635 3394 perstrinxerat.
655 3358 707 3388 Ait
723 3359 820 3397 enim,
838 3368 908 3390 eain
922 3363 992 3400 ejus
1009 3359 1109 3392 fuisse
1122 3359 1176 3391 ad-

155 3400 424 3434 ministrationem
447 3402 652 3452 reippblirae,
677 3406 774 3444 atque
795 3406 952 3446 ejusmodi
982 3406 1078 3438 rebus
1102 3406 1174 3438 insi-

1234 2112 1376 2165 ξάνδρου
1395 2119 1512 2164 τιμαῖς
1527 2119 1602 2156 ταῖς
1631 2113 1775 2157 ἰσοθέοις
1803 2113 1984 2166 ἀντέλεγον
1998 2132 2006 2140 ·
2027 2115 2084 2154 τὸν
2102 2115 2138 2155 δὲ
2157 2116 2256 2171 φιλό-

1234 2187 1351 2225 σοφον,
1371 2172 1486 2224 αἰγίδα
1509 2173 1568 2210 καὶ
1594 2172 1758 2226 κεραυνὸν
1787 2173 1981 2226 προσθέντα
2004 2177 2112 2228 θνητῇ
2137 2174 2255 2229 φύσει,

1236 2292 1342 2323 gnem,
1359 2285 1489 2324 propter
1505 2292 1585 2323 quas
1599 2284 1650 2315 vel
1663 2283 1853 2324 publicanus
1863 2284 1979 2325 aliquis
1992 2287 2049 2317 aut
2061 2285 2136 2318 vilis
2148 2285 2256 2327 opifex

1229 2339 1299 2362 sese
1308 2330 1430 2362 efferat,
1451 2331 1532 2362 Nam
1546 2331 1631 2371 quod
1647 2330 1747 2362 multa
1763 2331 1796 2362 in
1813 2331 1890 2364 urbe
1906 2331 1963 2364 vili
1984 2332 2088 2373 pretio
2106 2335 2258 2372 veneant,-

1229 2379 1382 2420 quodque
1398 2379 1564 2410 abundent
1579 2379 1681 2419 copiae
1702 2379 1742 2410 ad
1763 2380 1888 2411 victum
1914 2380 2125 2419 necessariae,
2144 2389 2183 2412 eo
2198 2381 2256 2412 De·

1229 2425 1379 2456 metrium
1391 2425 1518 2465 gloriari
1532 2425 1646 2456 scribit
1661 2434 1667 2455 :
1685 2425 1744 2456 sed
1769 2425 1942 2464 nimirum,
1959 2425 2046 2466 quod
2065 2425 2183 2463 limax,
2208 2425 2254 2458 iu-

1229 2472 1312 2503 terni
1328 2471 1540 2503 mechanismi
1555 2480 1614 2512 ope
1633 2471 1780 2511 gradiens
1797 2480 1835 2503 ac
1857 2471 1997 2504 ‘salivam
2013 2480 2193 2513 exspuens,
2219 2471 2254 2504 in
2290 2496 2293 2497 γ

1229 2527 1348 2559 pompa
1363 2519 1391 2550 ei
1408 2518 1545 2559 praeivit,
1561 2518 1723 2558 simulque
1744 2519 1826 2550 asini
1843 2528 1900 2559 per
1915 2519 2078 2550 theatrum
2102 2520 2176 2551 sunt
2195 2521 2254 2551 tra·

1231 2566 1318 2598 ducti
1337 2566 1436 2607 (quod
1453 2566 1576 2598 scilicet
1591 2566 1813 2604 Athenienses,
1830 2573 1982 2597 concessa
1997 2565 2113 2597 ceteris
2132 2563 2254 2597 Groecis
2283 2573 2291 2594 s

1231 2613 1375 2644 omnium
1401 2613 1607 2644 honestarum
1630 2621 1736 2643 rerum
1756 2612 1872 2652 gloria,
1894 2611 2078 2644 cassandro
2099 2611 2254 2653 imperata
2290 2639 2297 2649 2
2319 2611 2320 2631 ³

1231 2659 1400 2698 facerent),
1415 2659 1542 2698 horum,
1560 2658 1617 2697 ait,
1629 2658 1722 2690 illum
1740 2667 1803 2690 non
1829 2659 1997 2699 puduisse.
2021 2660 2063 2690 Et
2081 2660 2189 2690 tamen
2203 2666 2254 2690 ne·
2278 2659 2292 2697 ξ’

1230 2714 1293 2746 que
1309 2706 1508 2744 Demetrius,
1525 2714 1631 2745 neque
1651 2705 1735 2737 alius
1756 2706 1928 2746 quisquam
1941 2729 1950 2745 ,
1970 2704 2158 2746 hujusmodi
2173 2703 2251 2746 quid

1229 2751 1270 2783 de
1286 2752 1483 2783 Demochare
1497 2751 1590 2783 dixit.
2272 2758 2286 2770 *2

1272 2845 1515 2885 Reprehendere
1529 2847 1561 2876 et
1574 2845 1788 2885 perstringere
1809 2844 1948 2886 [oportet
1963 2853 2074 2877 eorum
2094 2842 2250 2886 errores],

1228 2891 1283 2932 qui
1297 2892 1329 2923 in
1345 2891 1582 2923 commentariis
1599 2891 1762 2923 historicis
1781 2892 1943 2923 somniant
1957 2893 1989 2923 et
2001 2891 2142 2932 quodam
2158 2889 2251 2932 quasi
2274 2905 2281 2935 ζ

1229 2938 1336 2970 furore
1351 2939 1488 2978 correpti
1502 2938 1678 2970 insaniunt.
1699 2938 1902 2978 Quicumque
1915 2938 2012 2978 igitur
2023 2937 2183 2977 eJusmodi
2197 2945 2252 2970 va·
2265 2942 2283 2974 ῥῷ

1230 2985 1322 3017 nitati
1339 2985 1517 3025 indulgent,
1535 2985 1559 3016 ii
1582 2985 1660 3016 boni
1677 2985 1846 3016 consulant.
1863 2985 1890 3015 si
1911 2984 2191 3024 reprehensionem
2206 2983 2248 3018 ef·
2266 2982 2281 2994 ‘⁴

1230 3031 1380 3072 fugerint,
1400 3040 1464 3062 non
1476 3034 1582 3063 autem
1594 3031 1673 3063 alios
1692 3031 1886 3071 vituperent,
1903 3030 1989 3070 quod
2007 3030 2084 3062 facit
2098 3030 2254 3070 Timaeus,
2265 3041 2276 3062 ις

1229 3080 1261 3109 Is
1286 3078 1371 3110 enim
1400 3077 1647 3116 Callisthenem,
1670 3077 1790 3117 quippe
1815 3078 1871 3117 qui
1897 3077 1971 3108 talia
1994 3077 2181 3118 scripserit,
2205 3085 2278 3115 ιιι-ς’

1230 3127 1423 3156 sentatorem
1436 3133 1506 3156 esse
1524 3124 1601 3156 dicit
1623 3133 1642 3155 a
1658 3123 1862 3164 philosophia
1878 3123 1972 3164 longe
1992 3126 2150 3156 remotum
2161 3127 2249 3163 ‚cor-
2267 3127 2270 3129 ’

1231 3171 1281 3203 vis
1302 3171 1438 3203 similem
1461 3173 1492 3203 et
1515 3170 1698 3202 furentibus
1714 3171 1928 3209 inulierculis3
1947 3171 2063 3202 merito
2082 3173 2190 3202 autem
2205 3171 2278 3204 tu·
2316 3194 2320 3202 ,

1229 3218 1307 3251 lisse
1334 3218 1376 3250 ab
1408 3217 1590 3250 Alexandro
1621 3226 1750 3258 poenam
1766 3241 1774 3257 ‚
1804 3217 1957 3258 quoniam
1987 3218 2056 3258 eJus
2084 3217 2227 3248 animum
2237 3218 2285 3256 ,Ἴ

1229 3267 1385 3305 quantum
1409 3265 1442 3296 in
1474 3265 1544 3305 ipso
1575 3264 1652 3304 ruit,
1686 3263 1890 3304 corrupisset.
1903 3264 2168 3299 ,Demosthenem
2198 3270 2263 3302 aun

1227 3315 1293 3344 tem
1310 3314 1512 3352 ceterosque,
1540 3311 1595 3351 qui
1620 3310 1724 3352 perid
1740 3313 1868 3351 tempus
1889 3310 2087 3349 floruerunt,
2108 3312 2249 3340 oratores

1229 3359 1349 3398 laudat,
1366 3358 1555 3398 Graeciaque
1569 3358 1683 3397 dignos
1697 3358 1742 3389 ait
1757 3358 1866 3396 fuisse,
1882 3357 1958 3398 quia
1973 3356 2101 3388 divinos
2115 3355 2259 3398 Alexan-¹

1230 3406 1288 3438 dro
1304 3406 1443 3438 honores
1459 3405 1697 3437 recusavissent
1712 3413 1720 3435 ε
1738 3404 1824 3436 hunc
1837 3413 1912 3436 vero
1928 3403 2156 3444 philosophum
2166 3425 2178 3442 ,
2191 3399 2262 3443 qui>v
