2320 3684
129 204 204 238 260
910 197 1104 238 EPHORI
1137 200 1464 242 FRAGMENTA.

127 300 202 324 ναν·
220 283 266 323 ‘H
283 284 319 323 δὲ
339 283 482 332 Ἀλύὸη,
505 282 558 334 [ἢ]
571 283 616 328 ὥς
639 299 728 328 τινες
746 284 875 332 Ἀλόπη
891 283 914 331 ἢ
933 284 1074 332 Ἀλόὸη,
1091 288 1166 330 πῶς
1218 294 1447 330 historiarum
1487 299 1639 344 scriptor
1678 300 1714 332 in
1769 295 1857 333 libro
1892 301 2018 345 quinto
2065 301 2117 335 sic
2154 303 2212 339 ait
2226 313 2240 338 .·

129 341 171 381 ἂν
192 344 226 381 ἓν
245 348 316 386 τοῖς
331 341 448 386 τόποις
473 342 607 386 τούτοις
626 342 832 391 {tutat-:2:03
851 345 925 387 πῶς
944 342 980 381 δὲ
999 343 1164 394 τηλόθεη
1218 350 1319 389 Μετὰ
1346 351 1383 389 δὲ
1401 351 1464 399 τὴν
1482 349 1607 391 Ἄσσον
1625 354 1701 391 ἔστι
1715 356 1743 392 Γ
1747 354 1881 407 άργαρα
1898 354 2045 402 πλήσιον
2064 355 2175 401 πόλις.

127 404 202 445 πῶς
220 401 256 439 δὲ
275 405 297 448 ἡ
317 405 378 440 τοῦ
399 400 549 455 ἀργύρου
567 402 729 452 γενέθλη;
750 403 876 440 Ταῦτα
897 400 959 453 μὲν
975 402 1165 442 ἀπολύεται
1703 423 1765 461 91·

133 463 177 512 τῇ
198 462 425 513 μεταγραφῇ,
441 459 569 512 γράφει
589 458 655 512 γὰρ
675 458 802 503 οὕτως·

211 525 312 567 Αὐτὰρ
327 525 509 565 Ἀμαζώνων
529 524 630 560 Ὀδίος
644 525 697 555 καὶ
714 524 917 567 Ἐπίστροφος
930 525 1038 568 ἦρχον,

211 571 323 603 ἐλθόντ’
339 571 368 607 ἐξ
383 570 523 611 Ἀλόπης,
539 571 585 602 ὅθ’
600 571 802 611 Ἀμαζονίδων
818 572 902 612 γένος
917 572 994 604 ἐστί.

129 625 163 663 Τ
166 628 254 662 αῦτα
279 624 310 662 δ’
324 624 588 675 ἀπολυσάμενος
607 625 654 667 εἷς
668 623 754 662 ἄλλο
768 623 978 676 ἐμπέπτωκε
995 625 1144 678 πλάσμα
1154 643 1162 651 ·

128 683 282 734 οὐδαμοῦ
308 683 376 737 γὰρ
404 683 524 721 ἐνθάδε
553 682 749 736 εὑρίσκεται
778 683 922 733 Ἀλόπη,
957 684 1017 723 καὶ
1042 688 1065 732 ἡ
1096 701 1163 737 με·
1694 669 1756 707 92·

131 740 292 795 ταγραφὴ
315 740 351 779 δὲ
374 740 471 795 παρὰ
494 740 558 789 τὴν
575 744 643 780 τῶν
665 742 886 796 ἀντιγράφων
906 745 975 781 τῶν
1006 745 1162 798 ἀρχαίων
1269 731 1472 769 Athenaeus
1496 734 1588 777 ΧΠ,
1624 746 1663 784 Ρ·
1693 734 1793 771 523²
1816 732 1987 780 Μιλήσιοι
2022 735 2052 772 δ’
2083 734 2148 779 ἕως
2178 735 2242 788 μὲν

128 799 246 838 πίστιν
285 800 588 852 καινοτομουμένη
637 801 694 839 ἐπὶ
743 806 907 840 τοσοῦτον
955 804 1161 857 σχεδιασμῷ
1215 791 1279 862 οὖΙκ
1309 789 1478 865 ἕτούξΡωνν
1497 789 1619 829 ἓνικων
1638 790 1788 841 Σκύθας,
1809 791 1855 835 ὥς
1875 807 1978 844 φησιν
1996 792 2162 848 Ἔφορος,
2183 795 2243 834 ἰοιι

128 856 251 896 ἔοικεν·
1215 863 1277 891 τας
1291 863 1329 886 τε
1348 849 1390 901 ἐφ
1419 848 1672 903 Ἑλλησπόντῳ
1690 849 1806 894 πόλεις
1824 850 1964 889 ἔκτισαν
1976 851 2035 890 καὶ
2044 852 2102 891 τὸν
2116 852 2242 898 Εὔξει-

181 917 322 955 Eadem
347 932 395 956 ex
420 919 579 970 Ephoro
604 928 760 958 narrant
783 920 1004 957 Eustathius
1017 920 1066 958 ad
1079 923 1163 958 ΗΟ,
1215 921 1272 944 νον
1301 905 1426 945 πόντον
1454 905 1653 961 κατῴκισαν
1671 907 1795 947 πόλεσι
1813 911 2003 963 λαμπραῖς,
2029 911 2088 950 καὶ
2117 912 2245 956 πάντες

129 978 224 1015 meri
249 978 274 1015 l.
301 978 325 1014 l.
353 987 391 1016 et
416 979 633 1030 Stephanus
661 993 699 1018 v.
726 978 904 1023 Ἁλίζωνες
923 988 961 1017 et
988 978 1132 1026 Ἀλόπη.
1216 964 1273 1002 ἐπι
1296 964 1359 1012 τὴν
1378 965 1536 1013 Μίλητον
1554 963 1659 1005 ἔθεον·
1678 966 1743 1010 Ὡς
1764 967 1792 1005 δ’
1820 967 2029 1020 ὑπήχθησαν
2055 971 2164 1023 ἡδονῇ
2185 970 2243 1010 κοιι

614 1037 678 1076 88,
1214 1026 1346 1077 τρυφῇ,
1380 1023 1552 1077 κατεῤῥύη
1590 1024 1629 1063 τὸ
1663 1028 1725 1072 τῆς
1755 1025 1889 1070 πόλεως
1923 1029 2079 1082 ἀνδρεῖον
2092 1059 2102 1078 ,
2138 1029 2243 1084 φησὶν

183 1097 421 1147 Stephanus:
437 1098 582 1144 Πᾶσσα,
613 1095 712 1139 πόλις
731 1095 889 1150 Θράκης.
915 1093 1022 1136 Ἔστι
1041 1097 1078 1136 δὲ
1102 1099 1162 1137 καὶ
1216 1081 1476 1143 Ἆριοτοτέληςζ,
1488 1082 1547 1121 κοιι
1566 1083 1739 1137 παροιμία
1762 1100 1814 1128 τις
1831 1085 1997 1135 ἐγεννήθη
2023 1087 2078 1124 ἐπ’
2110 1090 2243 1126 αὐτῶν·

127 1154 327 1193 Πασσάνδα
355 1154 484 1208 χωρίον
503 1153 599 1208 παρὰ
624 1139 868 1208 Ἀδραμύτειον
887 1154 989 1194 πόλιν
1015 1155 1075 1193 καὶ
1094 1157 1162 1193 Κι-
1216 1141 1338 1180 Ποιλοιι
1356 1142 1434 1179 ποτ’
1454 1144 1542 1188 ἠοοιν
1563 1140 1706 1193 ἄλκιμοι
1727 1142 1907 1189 Μιλήσιοι·

128 1213 271 1260 σθήνην.
291 1213 344 1252 Τὸ
363 1213 495 1252 ἐθνικὸν
511 1212 751 1261 Πασσανδεὺς,
769 1215 820 1267 τῷ
833 1216 895 1260 τῆς
913 1213 1034 1267 χώρας
1049 1212 1160 1266 τύπῳ.
1700 1218 1762 1256 93,

1269 485 1475 524 Athenaeus
1499 490 1583 534 VII,
1599 500 1636 537 p.
1655 488 1699 524 31
1711 501 1744 533 1,
1759 490 1789 524 E
1805 486 1979 540 ε”Εφορος
1998 487 2028 525 δ’
2044 488 2079 526 ἐν
2095 487 2240 542 πέμπτῃ

1216 543 1374 594 ποταμὸν
1393 537 1481 583 εἶναί
1499 560 1584 598 φησι
1605 545 1663 584 τὸν
1695 545 1860 585 Γαίσωνα
1890 546 1970 599 περὶ
2010 546 2184 599 Πριήνην,
2203 549 2241 588 ὃν

1217 603 1340 656 εἰσρεῖν
1361 604 1407 646 εἰς
1425 602 1564 654 λίμνην.

127 1269 297 1326 Ἔφορος·
334 1272 499 1324 «Ὀλίγοι
519 1271 556 1311 δέ
571 1288 660 1316 τινες
677 1274 725 1315 εἷς
742 1271 782 1311 τὸ
817 1274 887 1310 τῶν
922 1271 1161 1311 Πασσανδέων
1270 1281 1487 1332 Stephanus
1511 1297 1519 1318 2
1546 1280 1738 1335 Ἄςαρνος,
1808 1281 1997 1327 Ἑκαταῖος
2026 1283 2062 1322 δὲ
2110 1287 2129 1323 ὃ
2166 1286 2246 1325 Mt-

126 1330 258 1383 χωρίον
276 1329 412 1384 ἔφυγον.
427 1350 442 1364 »
1215 1337 1335 1385 λήσιος
1353 1341 1387 1377 ἐν
1406 1339 1522 1383 Ἀσίας
1551 1339 1778 1394 περιηγήσει,
1802 1341 2002 1395 Λαμψάκου
2023 1341 2132 1396 ἄκρην
2157 1336 2245 1383 εἶναί

180 1389 288 1427 Idem
307 1388 523 1434 εΒύὸασσος,
538 1388 638 1432 πόλις
656 1387 802 1442 Καρίας,
815 1388 884 1427 ἀπὸ
895 1388 1082 1428 Βυὸάσσου
1099 1404 1159 1427 vo*
1216 1413 1332 1450 φησιν,
1357 1397 1510 1451 Ἔφορος
1540 1397 1576 1436 δὲ
1608 1400 1642 1437 ἐν
1674 1402 1717 1446 τῆ
1749 1398 1895 1450 πέμπτη
1923 1399 2040 1452 λέγει,
2075 1402 2245 1449 χληθῆνοιι

129 1445 222 1497 μέως
259 1446 519 1500 περ’-σώσαντος
548 1447 617 1486 ἀπὸ
637 1446 816 1493 θαλάσσης
844 1447 903 1485 καὶ
924 1450 1096 1499 χειμῶνος
1116 1449 1163 1491 Εἷς
1216 1455 1323 1503 αὐτὴν
1344 1456 1414 1494 ἀπὸ
1430 1459 1491 1503 τ’ῆς
1507 1458 1542 1494 ἐν
1563 1442 1727 1496 Φωκαΐὲι
1746 1444 1943 1511 Ἀὸαρνίδος
1965 1458 2031 1497 ὕπὸ
2060 1459 2244 1499 Φωκαέων

129 1504 264 1559 Καρίαν
285 1504 484 1556 ἐμπεσόντα
508 1505 756 1559 Ποδαλείριον·
777 1505 817 1543 τὸ
833 1505 965 1544 ἐθνικὸν
977 1536 987 1554 ,
1014 1505 1160 1544 Βυὸάσ-
1215 1513 1278 1561 τὴν
1305 1514 1502 1567 Λάμψακον
1523 1514 1721 1560 χτιζόντων,

128 1578 210 1607 σιος.
231 1563 384 1617 ’Έφορος
418 1564 456 1603 δὲ
473 1563 654 1604 Βύὸαστόν
677 1579 763 1618 φησι
779 1564 838 1602 καὶ
857 1563 1068 1603 Βυὸάστιον.
1697 1586 1759 1624 94.

613 1623 675 1661 89·
1268 1653 1495 1700 Harpocrat.
1516 1665 1524 1687 :
1555 1649 1681 1700 Σόλοι,
1700 1654 1722 1698 ἡ
1742 1651 1804 1703 μὲν
1826 1654 1992 1706 Κυπρικὴ
2020 1654 2140 1700 πόλις,
2159 1656 2181 1700 ἡ
2209 1654 2246 1692 δὲ

177 1675 319 1755 'Strabo
357 1679 468 1749 XHJI'
507 1690 545 1727 p'
586 1678 660 1723 873
678 1676 944 1749 }A!{⁰5„aliter
969 1677 1162 1749 Troadem
1213 1708 1277 1753 τῆς
1295 1708 1481 1758 Κιλικίας,
1504 1710 1551 1752 ὡς
1576 1710 1676 1748 ἄλλοι
1705 1726 1742 1748 τε
1762 1713 1839 1749 ἱστο
1863 1715 1940 1749 οῦσι
1962 1714 2020 1750 καὶ
2040 1713 2135 1764 Ἐφο
2157 1728 2193 1756 ος
2210 1714 2245 1752 ἐν

128 1743 347 1782 telminare,
362 1738 490 1786 ὅμοιως
510 1733 626 1781 δὲτὴν
643 1736 801 1773 Αιολιοα.
835 1737 968 1788 Εφορος
985 1751 1048 1786 μεν
1068 1737 1162 1786 λεγει
1213 1768 1258 1812 τῆ
1278 1765 1423 1818 πέμπτη
1842 1726 1860 1764 Ρ
2138 1728 2156 1766 Ρ

127 1793 198 1831 ἀπὸ
219 1793 364 1832 Ἀὸύδου
383 1794 490 1848 μέχρι
510 1793 650 1845 Κύμης,
672 1793 772 1832 ἄλλοι
792 1794 822 1832 δ’
840 1793 965 1838 ἄλλως.
986 1796 1162 1846 Itemque

127 1866 166 1902 p.
194 1853 291 1902 896:
315 1852 367 1892 Τὸ
398 1851 436 1891 δὲ
467 1853 619 1891 παλαιὸν
653 1853 720 1891 ὑπὸ
751 1859 822 1897 τοῖς
846 1854 1027 1892 Αἰολεῦσιν
1055 1848 1097 1901 ἦν
1117 1853 1162 1892 τὰ

126 1912 287 1959 πλεῖστα,
302 1910 392 1949 ὥστε
407 1911 561 1964 Ἔφορος
571 1913 634 1950 οὐκ
651 1914 744 1950 ὂκνεῖ
760 1918 878 1950 πᾶσαν
889 1911 953 1960 τὴν
969 1911 1038 1950 ἀπὸ
1055 1911 1159 1956 Ἀδύ-

127 1969 186 2007 δου
204 1967 310 2022 μέχρι
329 1969 457 2021 Κύμης
474 1972 592 2009 καλεῖν
614 1971 775 2010 Αἰολίδα.

181 2081 404 2120 Macrobius
447 2086 525 2121 Sat.
564 2087 609 2132 V,
656 2098 725 2122 20:
762 2085 929 2134 Ephorus
953 2088 1161 2121 notissimus

1705 1838 1767 1879 95.

1266 1906 1505 1956 Stephanus:
1527 1906 1723 1960 Νάρμαλις,
1744 1905 1843 1950 πόλις
1869 1907 2045 1956 Πισιδίας,
2063 1911 2103 1952 b<
2117 1909 2246 1948 Κάὸα-

1213 1965 1278 2007 λις.
1306 1966 1352 2003 Οἱ
1370 1966 1512 2003 πολῖται
1532 1966 1752 2018 Ναρμαλεῖς,
1771 1968 1816 2009 ὡς
1835 1965 2032 2016 Καὸαλεῑς,
2052 1968 2098 2010 ὡς
2130 1964 2246 2022 Ἔφο-

1237 2021 1271 2066 ός
1341 2039 1388 2062 σι,

1216 2038 1234 2075 ρ
1267 2039 1398 2121 Ιέἒῐῃε
1419 2082 1539 2136 Βάρις,
1560 2082 1677 2127 πόλις·
1700 2084 1740 2122 τὸ
1768 2083 1900 2122 ἐθνικὸν
1920 2084 2082 2138 Βαρίτης.
2097 2085 2247 2136 Λέγεται

129 2192 248 2233 legunt,
265 2192 365 2234 Alope
382 2193 433 2225 vel
443 2193 711 2235 Alobe‚quonam
728 2197 823 2236 pacto
837 2195 870 2227 in
886 2195 938 2227 his
954 2195 1035 2227 locis
1051 2203 1156 2227 cense-

125 2238 234 2271 bitur?
246 2239 410 2279 quomodo
427 2240 579 2272 tandem?
589 2243 620 2273 et
628 2242 792 2282 quomodo
803 2242 924 2282 argenti
940 2251 1033 2274 venae
1045 2242 1154 2274 locum

126 2284 316 2317 habebunt?
329 2286 406 2318 Haec
419 2286 471 2318 ille
483 2288 520 2319 ut
536 2287 650 2327 diluat,
665 2298 780 2321 versus
796 2291 877 2321 istos
892 2290 938 2322 ita
953 2290 1015 2330 legi
1030 2290 1118 2322 vult:

189 2340 287 2368 Duxit
301 2341 473 2370 Amazones
489 2340 600 2380 Odius,
617 2348 646 2370 et
660 2342 866 2382 Epistrophus
882 2353 944 2372 una

189 2395 232 2415 ex
246 2386 356 2426 Alopa‚
371 2386 492 2425 pridem
508 2387 590 2417 unde
602 2394 631 2416 et
646 2389 870 2418 Amazonidum
883 2399 981 2428 genus
997 2396 1105 2422 exstat.

126 2445 249 2476 Verum
265 2445 326 2476 hac
348 2444 402 2476 ille
423 2445 585 2478 solutione
608 2446 642 2476 in
660 2446 747 2478 aliud
770 2449 991 2479 commentum
1009 2448 1132 2480 excidit
1149 2457 1157 2479 t

127 2500 288 2532 nusquam
309 2491 396 2523 enim
412 2491 457 2523 ibi
471 2491 614 2523 locorum
640 2493 742 2533 Alopa
757 2494 883 2532 exstat,
903 2495 934 2524 et
953 2494 1024 2525 haec
1040 2494 1136 2526 lectio
1148 2518 1157 2534 ,

127 2541 240 2570 contra
255 2539 402 2570 veterum
417 2538 575 2570 librorum
591 2540 816 2572 auctoritatem
838 2540 885 2571 ita
902 2543 1021 2572 novata
1032 2565 1042 2581 ,
1060 2543 1155 2573 teme-

127 2585 258 2617 ritatem
274 2585 368 2626 sapit.
618 2629 639 2665 8

1257 2247 1406 2288 Ephorus
1431 2249 1538 2279 autem
1555 2246 1638 2280 libro
1653 2202 1767 2289 quihlto
1790 2248 1856 2288 ait,
1875 2247 2013 2280 fluvium
2045 2257 2116 2282 esse
2137 2251 2246 2283 Gaeso·

1216 2303 1290 2326 nem
1307 2294 1392 2326 circa
1403 2293 1551 2334 Prienen,
1564 2295 1619 2335 qui
1633 2296 1667 2327 in
1681 2295 1831 2337 paludem
1847 2295 1972 2328 influat.

1260 2393 1377 2426 Milesii
1388 2402 1476 2434 vero,
1494 2396 1530 2426 ut
1540 2394 1654 2427 scribit
1669 2396 1828 2436 Ephorus,
1838 2404 2010 2437 quousque
2021 2395 2245 2438 voluptatibus

1219 2450 1284 2472 non
1307 2441 1531 2480 indulserunt,
1545 2442 1681 2482 Scythas
1704 2442 1868 2480 vicerant,
1887 2445 1918 2474 et
1934 2442 1975 2474 ad
1999 2442 2243 2485 Hellespontum

1220 2489 1368 2520 civitates
1380 2488 1601 2528 condiderant,
1618 2491 1650 2521 et
1663 2490 1828 2521 Euxinum
1844 2492 1984 2521 Pontum
2001 2490 2180 2532 splendidis
2193 2499 2246 2523 oo·

1220 2533 1316 2565 loniis
1343 2534 1695 2574 frequeiitaverunt2et
1719 2544 1831 2567 omnes
1856 2535 2004 2568 Miletum
2027 2535 2242 2568 confluebant.
2298 2554 2302 2558 ·

1221 2582 1397 2621 Postquam
1422 2589 1500 2612 vero
1518 2581 1742 2622 voluptatibus
1764 2583 1796 2615 et
1822 2582 1959 2615 luxuriae
1980 2583 2245 2622 succubuerunt,
2307 2602 2312 2604 -

1221 2632 1411 2659 enervatum
1425 2627 1566 2659 concidit
1580 2628 1721 2660 civitatis
1741 2629 1857 2669 robur,
1873 2631 1910 2662 ut
1927 2630 1972 2662 ait
1984 2630 2174 2662 Aristoteles
2184 2654 2194 2671 ‚
2209 2631 2244 2662 et

1217 2677 1348 2706 enatum
1361 2676 1411 2706 est.
1426 2675 1459 2706 in
1475 2683 1530 2706 eos
1546 2676 1754 2716 proverbium
1770 2686 1777 2707 ε
1793 2689 1808 2704 ιι
1826 2678 1938 2709 Fortes
1947 2675 2079 2709 fuerunt
2093 2677 2172 2709 olim
2184 2675 2242 2710 Mi-

170 2687 281 2725 Passa,
311 2684 388 2717 urbs
414 2685 570 2718 Thraciae.
598 2687 657 2718 Est
680 2686 776 2718 etiam
808 2687 972 2718 Passanda
991 2687 1159 2719 castellum
1219 2720 1301 2753 lesu·
1319 2734 1334 2748 ›‚

125 2732 221 2772 Juxta
248 2731 474 2772 Adramytium
489 2732 605 2764 urbem
619 2735 651 2765 et
663 2733 852 2766 Cisthenen.
871 2734 1008 2773 Gentile,
1026 2736 1159 2766 Passan-

128 2778 208 2810 deus
224 2802 232 2818 ‚
257 2779 397 2820 regionis
427 2782 516 2821 typo.
534 2781 686 2821 Ephorus
704 2790 711 2811 ι
742 2793 756 2807 ἰ
773 2780 870 2812 Pauci
901 2789 979 2812 vero
997 2781 1096 2821 aliqui
1116 2781 1156 2813 ad

129 2826 387 2858 Passandeorum
402 2827 571 2859 castellum
589 2827 750 2868 fugerunt.
765 2841 779 2854 n

174 2872 348 2913 Bybassus,
364 2873 440 2906 urbs
457 2874 573 2914 Cariae,
589 2875 634 2906 ita
651 2874 737 2906 dicta
752 2883 770 2906 a
787 2875 932 2915 Bybasso
945 2877 1083 2915 pastore,
1101 2875 1157 2916 qui

128 2919 325 2951 Podalirium
348 2930 387 2953 ex
416 2922 497 2953 mari
521 2924 552 2953 et
573 2924 764 2963 tempestate
790 2922 822 2954 in
848 2922 977 2955 Cariam
997 2922 1153 2963 appellen-

127 2967 194 2996 tem
217 2967 433 3000 conservavit.
452 2969 597 3008 Gentile‚
616 2969 805 3009 Bybassius.
832 2970 982 3010 Ephorus
1000 2977 1077 3001 vero
1095 2971 1157 3010 By-

128 3011 258 3044 bastum
273 3014 390 3054 inquit,
409 3016 442 3047 et
460 3015 664 3056 Bybastium.

170 3104 259 3136 Idem
279 3106 318 3138 de
333 3107 457 3140 AEolide
474 3110 524 3141 est
540 3109 662 3142 factum
684 3120 691 3141 z
709 3119 807 3151 quam
824 3112 976 3152 Ephorus
990 3110 1106 3152 Abydo
1126 3113 1158 3144 et

129 3152 234 3182 Cuma
246 3153 396 3185 terminat
414 3165 421 3185 z
436 3155 489 3186 alii
502 3156 603 3188 aliter.

171 3197 257 3229 Olim
277 3199 338 3230 sub
371 3202 577 3235 AEolensibus
604 3204 734 3236 suerunt
755 3206 989 3246 propemodum
1020 3207 1132 3238 omnia
1147 3231 1156 3246 ,

129 3244 210 3276 adeo
224 3246 365 3284 quidem,
384 3250 419 3279 ut
431 3249 577 3288 Ephorus
591 3252 688 3283 etiam
703 3252 772 3284 sine
791 3252 994 3285 haesitatione
1004 3256 1103 3286 totam
1117 3253 1158 3286 ab
1256 3261 1413 3294 Narmalis
1425 3285 1434 3302 ,
1455 3261 1533 3293 urbs
1554 3261 1685 3293 Pisidiae
1697 3285 1706 3301 ‚
1734 3262 1782 3294 uti
1807 3262 1934 3296 Cabalis
1948 3273 1956 3294 :
1972 3264 2043 3304 ejus
2068 3263 2156 3295 cives
2171 3264 2256 3295 Nar·

129 3290 243 3331 Abydo
261 3291 302 3323 ad
317 3294 453 3325 cumam
468 3304 570 3335 usque
582 3306 671 3328 Offiffl
688 3299 806 3331 AE0¹idi
827 3299 1043 3340 adscripserit·
1218 3308 1378 3340 malenses
1389 3332 1398 3348 ‚
1419 3309 1467 3340 uti
1481 3308 1675 3341 Gabalenses
1686 3332 1695 3348 ,
1719 3310 1994 3350 quemadmodum
2010 3310 2161 3351 Ephorus
2174 3317 2242 3351 per·

641 3346 675 3377 Οθ
1243 3355 1250 3362 .

171 3391 249 3423 Post
263 3393 379 3424 Assum
396 3395 446 3425 est
462 3396 602 3435 Gargara
613 3347 693 3429 ζὼς
706 3398 792 3430 haud
807 3399 900 3440 longe
916 3400 1040 3432 dissita.
1219 3355 1360 3443 hllgzatris,
1379 3402 1466 3442 urbs,
1482 3403 1575 3444 cujus
1587 3402 1703 3443 gentile
1718 3403 1850 3435 Barites.
1869 3405 1959 3446 Βᾶρις
1973 3403 2070 3436 etiam
2087 3402 2127 3435 de
2139 3402 2238 3434 domo

1703 2771 1765 2804 93.

1260 2820 1420 2860 Abarnus‚
1490 2822 1661 2854 Hecataeus
1691 2822 1835 2855 Milesius
1864 2823 1897 2855 in
1923 2823 2010 2855 Asiae
2024 2822 2239 2864 descriptione
2285 2823 2295 2866 J

1216 2867 1363 2908 perhibet
1386 2867 1550 2900 Abarnum
1570 2870 1740 2908 Lampsaci
1764 2870 2021 2910 promontorium
2044 2878 2124 2902 esse.
2140 2869 2244 2910 Epho-

1218 2923 1274 2945 rus
1297 2917 1403 2946 autem
1427 2915 1509 2946 libro
1534 2915 1649 2955 quinto
1672 2916 1813 2947 nominis
1829 2916 1875 2947 illi
1897 2916 2054 2956 originem
2071 2915 2186 2948 tribuit
2202 2915 2243 2948 ab

1215 2960 1375 2993 Abarnide
1390 2961 1576 3001 Phocaidis,
1590 2962 1667 3002 quia
1681 2962 1890 2995 Phocaeenses
1902 2965 2117 3003 Lampsacum
2139 2961 2246 2994 condi-
2286 2961 2294 3002 ζ

1217 3008 1345 3041 derunt.
2283 3019 2288 3040 s

1697 3058 1759 3090 94.
2253 3042 2291 3095 οἱ
2319 3073 2320 3098 3

1257 3103 1321 3135 Soli
1334 3103 1460 3142 civitas,
1474 3111 1538 3135 una
1553 3103 1663 3144 Cypri,
1674 3103 1772 3135 altera
1787 3103 1929 3143 Ciliciae;
1951 3106 1988 3136 ut
2000 3113 2100 3145 quum
2114 3103 2167 3136 alii
2181 3112 2244 3136 me·
2290 3135 2291 3138 ,
2318 3100 2320 3120 ⁴

1219 3153 1358 3190 morant,
1375 3152 1444 3182 tum
1459 3150 1610 3190 Ephorus
1626 3150 1708 3182 libro
1723 3150 1848 3190 quinto.

1696 3211 1760 3244 95.
2257 3212 2284 3222 ὦ

1183 1457 1192 3355 mw-——m-w—
