2294 3704
59 116 2190 194 &ffifflffiffiffiffissffiffiffieffissfflfflfflssffl

595 277 1638 458 HECATAEI
1769 321 1773 325 ·

752 511 1497 599 FRAGMENTA.

1007 675 1263 693 -ΘΟὒ-

297 793 655 848 ΠΕΡΙΟΔΟΣ
712 794 867 846 ΓΗΣ.

553 881 614 930 Α.

478 961 699 1003 ΕΥΡΩΠΗ.

124 1097 312 1137 Herodot.
335 1098 408 1144 IV,
429 1095 478 1132 36
500 1109 508 1131 :
528 1095 629 1134 Γελῶ
645 1093 682 1133 δὲ
702 1092 810 1148 ὀρέων
834 1096 898 1146 γῆς
915 1094 1104 1148 περιόδους

73 1155 278 1212 γράψαντας
295 1152 449 1197 πολλοὺς
466 1152 535 1201 ἤδη
551 1151 611 1191 καὶ
628 1151 750 1191 οὐδένα
768 1151 844 1191 νόον
866 1151 1010 1204 ἔχοντας
1027 1150 1107 1199 ἐξη-

75 1216 287 1269 γησάμενον·
315 1213 350 1252 οἳ
374 1211 543 1253 Ὠκεανόν
573 1228 612 1251 τε
632 1210 755 1266 ῥέοντα
785 1210 961 1266 γράφουσι
983 1210 1107 1265 πέριξ,

74 1275 138 1323 τήν
161 1290 202 1313 τε
222 1276 288 1325 γ’ἥν
310 1273 436 1311 ἐοῦσαν
460 1270 695 1325 κυκλοτερέα,
720 1272 767 1315 ὣς
790 1271 860 1310 ἀπὸ
878 1270 1024 1325 τόρνου,
1047 1270 1109 1310 καὶ

75 1333 139 1381 τὴν
178 1333 298 1381 Ἀσίην
337 1334 381 1385 τῇ
413 1330 570 1385 Εὐρώπῃ
601 1328 792 1369 ποιεύντων
825 1328 918 1378 ἴσην.
956 1330 1111 1377 Quibus

77 1395 298 1431 Hecataeum
315 1389 456 1441 respici
475 1389 688 1428 admodum
708 1388 915 1440 probabile
935 1397 1004 1428 est.

133 1508 260 1548 Strab.
285 1511 377 1555 VII,
397 1522 435 1560 p.
468 1508 545 1558 459
569 1522 577 1545 :
598 1508 693 1561 Παρ’
714 1505 896 1560 Ἑκαταίῳ
913 1505 951 1545 δὲ
969 1508 1113 1558 Κιμμε-

81 1567 161 1622 ρίδα
176 1567 290 1606 πόλιν.
314 1570 580 1606 Recensentur
599 1566 778 1617 exempla
801 1579 933 1604 rerum
957 1564 1111 1604 sabulo-

81 1640 233 1675 sarum,
249 1638 346 1677 quas
366 1624 599 1663 tradiderint
620 1625 810 1662 historici.

133 1743 271 1796 steph.
308 1746 398 1794 Byz.
430 1758 438 1779 :
474 1740 628 1790 Καλᾶθη
641 1773 652 1792 ,
683 1741 783 1786 πόλις
813 1743 851 1780 οὐ
885 1743 1008 1795 πόῤῥω
1042 1744 1113 1781 τῶν

82 1803 302 1858 *Ηρακλείων
322 1804 475 1851 στηλῶν,
497 1802 686 1847 Ἑκαταῖος
704 1801 861 1855 Εὐρώπῃ
876 1819 884 1826 ·
905 1801 1059 1856 Ἔφορος
1078 1802 1115 1841 δὲ

84 1865 319 1905 Καλάθουσαν
337 1863 445 1911 αὐτήν
465 1878 584 1917 φησιν.

136 1983 271 2035 steph.
291 1986 381 2034 Byz.
400 1996 408 2019 :
430 1979 626 2035 Ἐλιὸύργη
638 2010 649 2029 ,
666 1979 767 2024 πόλις
787 1981 1014 2034 Ταρτησσοῦ.
1036 1979 1116 2019 Ἕκ.

86 2042 173 2096 Εὐρ.
196 2041 281 2080 Alia
299 2041 414 2093 hujus
435 2039 543 2078 urbis
560 2040 706 2079 mentio
720 2053 799 2078 non
815 2048 954 2078 exstat.

138 2103 320 2140 Tartesso
336 2099 487 2151 adjacet
502 2099 688 2150 Illiturgis
705 2098 806 2152 (Liv.
826 2101 1016 2145 XXVIII,
1041 2098 1117 2149 19),

85 2160 192 2211 quod
225 2160 257 2198 si
281 2159 478 2198 declarare
510 2159 645 2197 voluit*
671 2162 893 2205 Hecataeus,
923 2155 1116 2210 Ἐλιθύργη

87 2219 146 2258 vel
164 2216 357 2271 Ἔλιδύργη
378 2217 578 2269 scripsisse
597 2218 774 2266 videtur,
794 2231 882 2255 cum
907 2217 1013 2268 apud
1029 2220 1116 2256 Ste-

88 2277 262 2328 phanum
278 2289 413 2314 vocem
435 2276 538 2314 inter
560 2274 735 2315 Ἐλεύτιοι
758 2284 797 2314 et
816 2274 945 2323 Ἑλίκη
975 2275 1115 2313 ordine

90 2335 336 2388 alphabetico
360 2336 528 2387 positam
551 2335 805 2374 inveniamus.

252 2476 512 2528 TERRAE
552 2476 618 2528 CI
623 2474 945 2527 RCUITUS.

574 2566 618 2615 A

471 2651 734 2694 EUROPA.

135 2784 237 2817 Rideo
250 2782 372 2816 multos
386 2782 502 2815 videns
517 2783 727 2825 descripsisse
750 2783 906 2816 circuitus
926 2783 1038 2823 terrae,
1055 2783 1125 2815 nul-

97 2831 166 2864 lum
177 2831 332 2863 habentes
346 2830 381 2862 in
402 2830 591 2871 exponendo
613 2839 766 2871 sensum,
786 2830 843 2872 qui
864 2833 1031 2863 Oceanum
1049 2830 1125 2863 seri-

99 2878 180 2911 bunt
204 2878 314 2911 orbem
334 2880 490 2911 terrarum
510 2877 750 2919 circumfluere,
768 2879 801 2911 et
815 2880 933 2911 terram
955 2887 1027 2911 esse
1044 2879 1127 2911 orbi·

99 2925 238 2958 culatam
253 2926 408 2965 tanquam
429 2932 449 2955 a
463 2925 576 2964 torno,
597 2926 694 2965 atque
717 2924 828 2957 Asiam
850 2924 973 2958 faciunt
987 2927 1126 2967 Europae

100 2980 219 3012 parem.

143 3071 237 3113 Apud
251 3071 440 3103 Hecataeum
455 3020 686 3103 cimmerzidem
702 3071 828 3104 urbem.

596 3126 632 3159 3.

143 3176 277 3211 calatha
290 3200 300 3215 ,
328 3175 483 3216 oppidum
498 3184 562 3208 non
580 3178 693 3219 procul
715 3177 757 3210 ab
784 3177 932 3210 Herculis
954 3176 1126 3210 columnis.

102 3226 180 3257 Hec.
192 3226 313 3257 Verum
328 3222 478 3263 Ephorus
495 3223 575 3258 illud
592 3226 803 3258 calathusam
819 3224 968 3266 appellat.

145 3328 310 3369 Elibyrga,
325 3325 402 3359 urbs
415 3329 565 3362 Tartessi.
598 3280 634 3312 4·

206 3404 396 3430 FRAGMENTA
415 3408 652 3438 uisronlcoitvu.

1637 793 1652 805 ’ν
1691 793 1706 820 ἶ)

1217 847 1357 898 steph.
1390 850 1479 898 Byz.
1516 863 1524 886 :
1555 791 1733 899 Ἴὸυλλὲιῖ.
1755 849 1855 895 πόλις
1887 853 2117 905 Ταρτησίας,
2156 855 2196 891 τὸ

1165 905 1299 944 ἑθνικὸν
1319 905 1533 955 Ἰὸυλλῖνος,
1550 908 1634 962 παρ’
1656 903 1705 952 οἷς
1726 908 1883 959 μέταλλα
1901 914 2034 964 χρυσοῦ
2057 910 2117 950 καὶ
2136 912 2198 965 ἅρ-

1165 963 1284 1017 γύρου.
1305 967 1404 1003 Cum
1419 974 1620 1004 auctorem
1639 968 1858 1019 Stephanus
1879 970 2074 1013 omiserit.
2096 983 2198 1008 men-

1167 1023 1313 1061 tionem
1359 1024 1466 1063 urbis
1508 1026 1680 1077 alioquin
1727 1027 1868 1077 ignotae
1903 1031 2082 1066 Hecataeo
2118 1043 2197 1066 non

1168 1083 1298 1134 inepte
1321 1083 1483 1121 tribuas.

1223 1202 1356 1252 Steph.
1375 1205 1466 1253 Byz.
1490 1218 1497 1239 :
1520 1203 1741 1251 Μαστιηνοί,
1767 1203 1861 1246 ἔθνος
1879 1203 1965 1255 πρὸς
1994 1208 2070 1246 ταῖς
2088 1203 2201 1257 (Ηρα-

1170 1259 1303 1304 κλείαις
1318 1260 1466 1309 στήλαις
1481 1277 1488 1284 ·
1508 1261 1589 1302 Ἑκ.
1609 1264 1696 1314 Εὐρ.
1715 1262 1871 1316 Εἴρηται
1889 1261 1925 1300 δὲ
1945 1260 2016 1300 ἀπὸ
2038 1262 2201 1306 Μαστίας

1171 1318 1319 1364 πόλεως.

1639 1380 1660 1418 7
1679 1381 1738 1432 (P).

1226 1439 1358 1490 steph.
1377 1443 1416 1477 Β.
1436 1438 1587 1490 Σύαλις,
1603 1438 1704 1483 πόλις
1723 1441 1954 1486 Μαστιηνῶν.
1974 1443 2032 1478 De
2048 1447 2204 1478 auctore

1174 1505 1286 1536 tacet.

1675 1559 1711 1596 8.

1228 1629 1363 1679 Steph.
1393 1631 1435 1667 B.
1459 1611 1697 1682 Μαινόὸωροι,
1726 1628 1827 1672 πόλις
1857 1629 2096 1676 Μαστιηνῶν,
2123 1627 2205 1666 Ἕκ.

1175 1689 1261 1740 Ευρ.
1676 1750 1713 1788 9.

1228 1808 1362 1859 steph.
1385 1811 1428 1848 B.
1458 1807 1578 1854 Σίξος,
1603 1806 1706 1852 πόλις
1734 1809 1963 1856 Μαστιηνῶν.
1983 1806 2172 1849 Ἑκαταῖος
2196 1821 2204 1829 ·

1177 1884 1192 1900 «
1212 1865 1303 1917 μέτα
1322 1865 1359 1904 δὲ
1377 1865 1479 1911 Σίξος
1496 1865 1607 1910 πόλις.
1629 1885 1643 1900 »

1231 1986 1361 2037 Steph.
1382 1989 1472 2036 Byz.
1499 1926 1736 2035 Μολυὸδάινῖ,
1758 1984 1858 2030 πόλις
1881 1986 2109 2031 Μαστιηνῶν.
2127 1983 2207 2022 Ἕκ.

1179 2045 1264 2098 Eup.
1667 2100 1681 2137 1
1694 2100 1727 2136 1,

1230 2156 1366 2207 Steph.
1395 2160 1437 2195 Β.
1464 2156 1640 2204 Εἴδητες,
1670 2156 1765 2201 ἔθνος
1791 2156 1983 2210 Ἰὸηρικόν.
2011 2156 2091 2194 Ἑκ.
2125 2155 2210 2206 Εὐρ.

1178 2218 1327 2254 Nomen
1343 2216 1521 2267 ignotum
1536 2226 1576 2256 et
1595 2218 1692 2255 mire
1708 2218 1880 2269 positum
1901 2217 2003 2254 inter
2023 2214 2211 2253 vocabula

1179 2273 1348 2328 Ἐρεχθία
1376 2284 1414 2314 et
1433 2274 1621 2329 Ἑσπερία.
1652 2276 1726 2315 Sed
1756 2276 1854 2314 ordo
1886 2275 1942 2313 ibi
1966 2275 2005 2313 in
2032 2272 2211 2325 pluribus

1181 2333 1372 2372 turbatus.

1223 2533 1343 2575 Ibylla,
1358 2534 1437 2567 urbs
1451 2534 1615 2568 Tartesiae.
1631 2483 1941 2574 Ge151ii1e1hy11inus.
1959 2532 2052 2573 Apud
2069 2531 2127 2563 hos
2140 2530 2210 2562 auri

1181 2582 1215 2614 et
1232 2581 1355 2623 argenti
1370 2581 1499 2615 metalla
1513 2581 1734 2614 inveniuntur.

1684 2644 1719 2676 6.

1225 2696 1394 2736 Mastiani‚
1409 2705 1487 2738 gens
1500 2705 1600 2738 prope
1614 2696 1782 2728 columnas
1804 2693 1986 2727 Herculeas.
2001 2694 2089 2725 Gens
2104 2692 2210 2726 autem

1184 2753 1203 2775 a
1218 2743 1333 2776 Mastia
1349 2743 1427 2776 urbe
1442 2743 1490 2776 sic
1502 2743 1589 2776 dicta
1604 2746 1664 2776 est.

1681 2803 1703 2833 7
1709 2827 1717 2834 .

1227 2856 1330 2897 Syalis
1340 2879 1350 2896 ,
1367 2856 1446 2888 urbs
1461 2855 1703 2888 Mastienorum.

1682 2916 1717 2947 8.

1228 2975 1429 3014 Maenobora,
1447 2974 1525 3006 urbs
1542 2973 1785 3005 Mastienorum.

1690 3031 1725 3063 9.

1230 3094 1337 3132 Sixus,
1350 3091 1429 3123 urbs
1444 3090 1685 3123 Mastienorum.
1700 3089 1778 3120 Hec.
1798 3097 1806 3119 z
1823 3100 1838 3115 «
1855 3087 1978 3120 Deinde
1991 3086 2087 3120 Sixus
2103 3086 2213 3120 urbs.»

1679 3148 1693 3181 1
1702 3148 1737 3181 0.

1230 3208 1442 3249 Molybdana,
1463 3207 1540 3239 urbs
1555 3206 1799 3238 Mastienorum.

1679 3268 1691 3299 1
1706 3267 1736 3300 1.

1230 3326 1347 3358 Edetcs
1359 3350 1366 3365 ‚
1387 3333 1464 3365 gens
1479 3324 1614 3356 iberica.
