2320 3684
134 194 208 229 296

130 274 307 329 λειφθείση
347 271 434 324 κόρῃ
468 268 652 321 Εὐαγόρας
698 283 736 304 τε
769 266 828 304 καὶ
870 268 889 304 ὃ
916 265 1038 305 τούτου
1075 271 1158 309 παῖς

131 318 382 385 Πνυταγόρας,
416 328 641 369 λανθάνοντες
666 324 860 375 ἀλλήλους,
890 324 1156 363 συνεκάθευδον·

131 390 356 446 Θρασυδαίου
380 392 439 428 τοῦ
463 386 670 439 ἣμιάῤῥενος
688 383 743 436 (ὃς
766 377 809 431 ἦν
829 383 966 427 Ἡλεῖος
989 383 1030 422 τὸ
1048 383 1156 436 γένος)

133 453 248 494 αὐτοῖς
263 449 360 502 παρὰ
384 446 487 499 μέρος
508 441 789 497 ὑπηρετουμένου
805 444 850 495 τῇ
867 442 950 496 πρὸς
971 442 1035 490 τὴν
1053 443 1159 496 κόρην

134 508 317 561 ἀκολασίᾳ.
340 506 411 546 Καὶ
427 507 473 548 ὡς
485 507 588 542 τοῦτο
605 503 720 545 αὐτοῖς
740 500 848 539 αἴτιον
866 500 1007 555 ὀλέθρου
1026 501 1159 554 γέγονε,

134 566 358 621 Θρασυδαίου
388 563 450 610 τὴν
475 561 614 601 ἐκείνων
645 559 819 614 ἀναίρεσιν
839 560 1159 615 κατεργασαμένου.

136 622 228 666 Εἶτα
261 625 338 663 τίνα
362 622 489 676 τρόπον
520 619 669 674 Ἄκωρις
699 622 717 658 ὁ
751 618 940 672 Αἰγύπτιος
968 619 1053 674 πρὸς
1085 619 1163 663 τοὺς

139 685 290 728 Πισίδας
310 681 502 728 ἐποιήσατο
535 677 744 732 συμμαχίαν
758 694 766 702 ·
799 678 878 733 περί
899 695 938 718 τε
964 683 1028 728 τ’ῆς
1045 678 1163 733 χώρας

138 746 250 782 αὐτῶν
270 742 330 780 καὶ
355 742 425 779 τῶν
447 737 674 778 Ἀσπενδίων·
694 736 775 791 περί
803 754 842 777 τε
862 739 932 776 τῶν
958 739 993 776 ἐν
1021 739 1085 792 Κῷ
1104 737 1163 776 καὶ

139 802 259 854 Κνίδῳ
283 801 426 853 ἰατρῶν,
447 800 494 842 ὡς
514 795 791 846 Ἀσκληπιάδαι,
811 796 871 835 καὶ
896 799 942 841 ὣς
969 798 1010 835 ἐκ
1029 795 1164 850 Σύρνου

138 864 169 900 οἱ
186 862 321 915 πρῶτοι
338 858 503 912 ἀφίκοντο
530 855 696 907 ἀπόγονοι
722 855 970 910 Ποδαλειρίου·
1001 854 1062 894 καὶ
1086 855 1166 909 περὶ

138 919 264 974 Μόψου
283 923 342 958 τοῦ
366 917 545 970 μάντεως,
569 915 628 953 καὶ
650 916 720 953 τῶν
746 914 943 970 θυγατέρων
959 913 1084 962 Ῥοδῆς
1107 914 1167 953 καὶ

141 979 322 1027 Μηλιάδος
341 977 399 1016 καὶ
423 974 656 1029 Παμφυλίας·
681 972 717 1019 ἐξ
738 967 786 1012 ὧν
809 973 832 1021 ἥ
860 990 898 1012 τε
918 973 1167 1027 Μοψουεστία,

141 1039 200 1077 καὶ
224 1041 246 1085 ἡ
267 1039 302 1076 ἓν
331 1035 447 1089 Λυκίᾳ
466 1033 610 1083 Ῥοδία,
634 1033 695 1071 καὶ
717 1036 739 1080 ἡ
758 1032 956 1087 Παμφυλία
983 1031 1084 1086 χώρα
1108 1032 1170 1076 τὰς

142 1096 341 1148 ἐπωνυμίας
365 1094 504 1133 ἔλαὸον.
529 1092 621 1131 Τίνα
645 1108 683 1131 τε
707 1091 834 1146 τρόπον
862 1092 919 1146 ὑφ’
939 1091 1122 1139 Ἑλλήνων
1146 1094 1168 1138 ἡ

143 1156 339 1210 Παμφυλία
361 1153 564 1208 κατῳκίσθη
579 1183 589 1202 ,
611 1151 672 1190 καὶ
694 1154 713 1190 ὁ
728 1151 814 1205 πρὸς
832 1150 1004 1198 ἀλλήλους
1023 1149 1171 1197 συνέστη

142 1216 306 1267 πόλεμος.
328 1213 400 1254 Καὶ
414 1215 460 1256 ὥς
482 1211 608 1251 Λύκιοι
627 1210 712 1265 πρὸς
729 1211 962 1260 Τελμισσεῖς,
976 1208 1172 1261 ἡγουμένου

144 1276 262 1318 αὐτοῖς
284 1276 344 1312 τοῦ
366 1274 462 1326 σφῶν
487 1268 658 1324 βασιλέως
678 1268 910 1323 Περικλέους,
933 1267 1174 1320 ἐπολέμησαν,

143 1333 205 1371 καὶ
237 1334 300 1371 οὐκ
325 1333 457 1378 ἀνῆκαν
483 1331 736 1380 πολεμοῦντες,
761 1327 825 1371 ἕως
854 1326 980 1371 αὐτοὺς
1003 1326 1175 1381 τειχήρεις

145 1391 352 1438 ποιήσαντες
368 1389 447 1428 καθ’
466 1387 653 1440 ὁμολογίαν
674 1386 954 1441 παρεστήσαντο.
1090 1386 1093 1388 ’

198 1454 244 1489 In
273 1451 337 1498 iis,
364 1462 450 1500 quae
479 1448 527 1485 de
548 1447 651 1484 bello
674 1449 862 1496 Evagorae
886 1453 1103 1494 narrantur,
1136 1445 1176 1482 in

146 1510 322 1562 plurimis
358 1508 654 1558 Theopompum
696 1513 850 1542 secutus
895 1517 976 1542 esse
1020 1503 1178 1542 videtur

145 1568 341 1607 Diodorus
358 1569 465 1612 XIV,
484 1564 548 1614 983
567 1566 651 1610 XV,
668 1577 705 1614 2,
727 1563 770 1611 5,
790 1563 889 1600 8-1
902 1575 934 1600 1.
956 1562 1014 1601 Ad
1029 1563 1176 1614 reliqua

148 1630 282 1665 conter
313 1629 401 1672 XV,
427 1638 489 1674 29,
521 1630 591 1671 473
622 1622 805 1674 Stephan.
827 1625 918 1673 Byz.
933 1635 969 1660 v.
988 1620 1107 1676 Σύρνα
1130 1623 1178 1661 de

147 1687 353 1724 Podalirio.

624 1752 708 1790 112.

203 1815 331 1854 Schol.
352 1813 510 1851 Homeri
531 1813 574 1850 ll.
596 1814 646 1859 11,
671 1811 741 1849 135
756 1826 764 1847 ε
782 1813 900 1864 Δοῦρα
923 1810 1057 1858 σέσηπε
1079 1812 1178 1859 νεῶν,

149 1874 208 1912 καὶ
232 1873 373 1926 σπάρτα
387 1870 579 1922 λέλυνται.]
593 1872 717 1909 Ταῦτα
740 1868 777 1907 δὲ
802 1867 1010 1923 ἀμφοτέροις
1025 1868 1179 1923 συνᾴδει,

149 1935 200 1987 τῷ
224 1930 286 1983 μὲν
312 1929 471 1976 ἀπιέναι,
494 1929 575 1984 πρὶν
597 1930 831 1983 διαφθαρῆναι
857 1928 973 1967 τέλεον
1000 1927 1063 1971 τὰς
1080 1927 1180 1978 νέας,

149 1991 211 2030 καὶ
229 1992 279 2044 τῷ
295 1988 411 2042 μένειν
435 1987 490 2035 δὲ,
508 1989 555 2031 ὡς
572 1985 629 2025 διὰ
644 1986 684 2025 τὸ
698 1984 891 2033 σεσηπέναι
913 1988 975 2029 τὰς
992 1988 1076 2030 ναῦς
1094 1986 1180 2033 τέως
1211 2002 1215 2013 ·

149 2050 249 2088 πλεῖν
270 2049 309 2087 οὗ
324 2046 535 2099 δυναμένων.
555 2044 628 2085 Καὶ
644 2043 856 2096 Θεόπομπος
869 2043 906 2082 δὲ
922 2043 1052 2091 ταύτην
1067 2044 1180 2083 αἰτίαν

151 2109 268 2151 αὐτοῖς
293 2110 354 2145 τοῦ
374 2104 540 2156 ναυαγίου
569 2103 687 2158 φησὶν,
711 2105 758 2147 ὡς
788 2103 848 2142 καὶ
875 2101 954 2146 τοὺς
976 2103 1057 2157 περὶ
1077 2104 1183 2142 Κάλ-

150 2182 265 2220 χαντα
283 2164 343 2204 καὶ
361 2164 570 2219 Ἀμφίλοχον
588 2161 711 2208 πεζοὺς
734 2162 1031 2201 ἀπαλλάττεσθαι.

204 2226 428 2264 Welckerus
442 2224 490 2262 de
502 2223 730 2273 CycLHom.
751 2236 789 2273 p.
813 2235 862 2271 29
882 2221 964 2258 haec
981 2222 1097 2272 petita
1117 2235 1183 2259 su-

152 2285 324 2335 spicatur
341 2297 389 2321 ex
408 2283 668 2333 Theopompo
691 2280 966 2319 Grammatico.
984 2279 1044 2317 Ad
1065 2280 1180 2331 liqui-

153 2344 246 2381 dum
276 2356 334 2380 res
348 2342 507 2393 perduci
524 2341 667 2391 nequit.

154 2452 277 2492 relicta,
292 2453 325 2484 et
338 2453 504 2491 Evagoras
517 2473 525 2488 ‚
541 2452 573 2482 et
590 2450 687 2490 hujus
702 2448 788 2480 filius
804 2450 1004 2489 Pnytagoras
1015 2472 1024 2488 ,
1045 2448 1128 2480 clam
1142 2448 1184 2480 al-

155 2501 279 2531 terutro
290 2522 301 2538 ,
316 2495 569 2535 concubuerint,
587 2494 785 2535 Thrasydaeo
801 2495 961 2526 Eunucho
986 2495 1056 2536 (qui
1071 2503 1185 2535 genere

155 2546 254 2578 Eleus
265 2545 346 2584 erat)
358 2543 502 2575 vicissim
513 2542 578 2574 illis
595 2542 819 2574 subserviente
835 2542 876 2574 ad
888 2542 1003 2582 puellae
1019 2552 1161 2575 amorem
1175 2553 1182 2574 ε

156 2594 257 2633 utque
273 2592 343 2623 haec
356 2590 435 2632 ipsis
450 2589 601 2621 interitus
617 2597 732 2620 caussa
743 2588 852 2627 fuerit,
865 2589 1063 2629 Thrasydaeo
1075 2598 1185 2621 necem

155 2639 220 2671 illis
236 2639 439 2680 procurante.
454 2637 565 2668 Refert
576 2635 663 2674 dein,
677 2644 741 2676 qua
757 2635 881 2666 ratione
892 2635 1003 2667 Acoris
1016 2636 1186 2676 AEgyptius

157 2695 233 2718 cum
259 2685 378 2718 Pisidis
400 2683 475 2716 belli
501 2682 687 2715 societatem
704 2682 834 2722 inierit,
854 2682 958 2722 deque
978 2682 1123 2722 ipsorum
1140 2691 1186 2714 re·

157 2734 268 2774 gimo,
285 2734 317 2765 et
336 2732 376 2764 de
389 2730 572 2772 Aspendiis.
587 2732 635 2762 De
650 2729 786 2761 medicis
805 2737 936 2769 quoque
951 2729 1046 2768 Cois,
1062 2731 1094 2760 et
1111 2729 1187 2761 Cni-

157 2781 231 2820 diis,
248 2779 335 2821 quod
350 2777 548 2819 Asclepiadae
564 2776 642 2816 sint,
658 2776 812 2817 quodque
827 2784 844 2808 e
861 2777 964 2816 Syrno
996 2776 1117 2816 posteri
1131 2778 1187 2807 Po-

158 2827 263 2866 dalirii
281 2826 375 2868 primi
391 2824 596 2857 accesserint.
615 2825 662 2855 De
679 2825 793 2864 Mopso
807 2824 892 2861 vate,
910 2823 1046 2864 ejusque
1062 2822 1187 2854 filiabus

158 2874 288 2913 Rhode,
306 2872 461 2911 Meliade,
478 2880 516 2904 ac
528 2870 730 2912 Pamphylia.
749 2869 800 2902 Ab
816 2869 868 2901 his
883 2869 1117 2911 Mopsuestiam
1130 2893 1139 2909 ,
1156 2871 1189 2902 et

159 2922 193 2952 in
206 2921 306 2962 Lycia
320 2919 499 2958 Rhodiam,
518 2917 808 2959 Pamphyliamque
824 2916 988 2957 regionem
1005 2925 1123 2948 nomen
1139 2924 1189 2948 ac·

159 2968 338 3008 cepissent
351 2975 370 2998 a
381 2965 503 2998 Graecis
514 2964 652 2997 habitari
668 2963 855 3004 Pamphylia
868 2965 984 3004 coepta,
993 2965 1025 2995 et
1037 2965 1188 2995 mutuum

159 3016 243 3047 inter
261 3022 316 3045 eos
326 3013 446 3045 bellum
459 3011 616 3044 exarserit
628 3013 677 3043 :et
688 3010 854 3053 quomodo
865 3010 954 3052 Lycii
965 3019 1040 3042 cum
1056 3010 1188 3042 Telmis-

162 3060 243 3100 seis,
259 3060 334 3092 belli
353 3060 436 3092 duce
450 3058 573 3091 Pericle
593 3066 706 3090 eorum
725 3066 814 3098 rege,
829 3056 1004 3099 pugnarint
1020 3066 1029 3087 ε
1050 3065 1109 3088 nec
1124 3065 1188 3088 ma-

163 3115 226 3138 nus
241 3114 408 3138 conserere
425 3105 600 3145 desierint,
631 3105 735 3137 donec
758 3104 847 3146 ipsos
874 3105 961 3136 intra
975 3111 1087 3135 muros
1106 3111 1190 3135 com-

165 3152 275 3193 pulsos
300 3152 341 3184 ad
356 3151 560 3184 concordiam
577 3150 754 3192 adegerint.

206 3253 276 3283 Hoc
287 3251 494 3283 Homericum
505 3250 542 3283 ll.
568 3251 683 3283 suadet
700 3251 888 3291 utrumque,
909 3250 982 3282 tum
999 3251 1035 3282 ut
1061 3249 1188 3289 abeant,

164 3299 336 3338 antequam
353 3305 451 3328 naves
470 3305 605 3337 prorsus
622 3297 756 3338 perditae
771 3297 854 3335 sint,
872 3299 941 3328 tum
957 3298 993 3328 ut
1020 3298 1190 3335 maneant,

164 3353 267 3385 quum
282 3346 349 3385 jam
366 3343 554 3384 putrefactis
570 3344 708 3375 navibus
723 3344 875 3384 navigare
897 3353 961 3376 non
977 3344 1114 3386 possint.
1133 3346 1188 3377 At-

166 3399 229 3433 que
238 3391 464 3431 Theopompus
480 3389 562 3421 hanc
577 3388 616 3421 iis
631 3391 787 3431 naufragii
807 3399 954 3423 caussam
972 3392 1073 3423 fuisse
1088 3391 1185 3431 dicit,

850 176 1169 220 ,ΤΗΕΟΡΟΜΡΙ
1197 177 1526 218 FRAGMENTA.

1272 326 1397 363 Schol.
1417 326 1544 377 Apoll.
1568 325 1641 363 Rh.
1660 328 1692 373 Ι,
1714 326 1810 364 388:
1826 325 1964 379 Κλάρος
1978 325 2078 370 πόλις
2097 326 2246 375 πλησίον

1220 384 1448 437 Κολοφῶνος,
1478 383 1554 438 ἱερὰ
1581 383 1815 427 Ἀπόλλωνος·
1848 383 1908 423 καὶ
1948 386 2162 440 χρηστήριον
2186 389 2247 424 τοῦ

1221 445 1320 490 θεοῦ,
1348 441 1417 481 ἀπὸ
1459 445 1624 486 Μαντοῦς
1645 445 1708 490 τῆς
1733 443 1914 496 Τειρεσίου
1943 444 2109 498 θυγατρὸς
2148 447 2249 483 καθι-

1221 500 1402 554 δρυμένον,
1425 501 1448 548 ἢ
1471 502 1541 540 ἀπὸ
1565 501 1708 556 Κλάρου
1739 501 1831 546 τινὸς
1854 501 1985 556 ἥρωος·
2008 504 2055 546 ὥς
2083 502 2251 555 Θεόπομ-

1219 576 1294 604 πος.

1277 637 1291 653 «
1313 619 1358 657 Id
1378 619 1675 671 Theopompum
1692 620 1767 660 hoc
1787 621 1888 659 libro
1905 621 2078 659 retulisse
2097 622 2253 673 opinor,

1224 679 1406 730 quoniam
1443 679 1578 717 eodem
1613 678 1715 716 libro
1751 679 1799 717 de
1830 683 1968 731 Mopso
1984 680 2074 731 ‘filio
2102 682 2254 719 Mantus

1225 738 1320 788 egit,
1348 750 1464 787 quem
1488 738 1559 775 etsi
1585 738 1687 775 Clari
1715 738 1956 777 conditorem
1984 752 2065 776 non
2093 738 2256 787 habuit,

1227 796 1266 834 id
1289 805 1439 842 tamen,
1467 803 1510 833 ut
1539 795 1587 833 ab
1613 796 1697 834 aliis
1730 797 1912 835 traditum
1940 798 2134 835 memoriae
2158 811 2255 849 pro-

1227 856 1318 894 dere
1344 856 1494 907 potuit,
1514 855 1718 905 quomodo
1743 855 1783 893 id
1810 856 1901 894 fecit
1924 856 2065 895 Strabo
2091 858 2198 905 XIV,
2219 870 2256 908 p.

1229 917 1319 967 951,
1336 917 1636 967 Theopompum
1654 916 1815 954 fortasse
1835 925 1996 955 secutus.
2009 935 2025 952 ³>
2049 918 2230 955 Wolters.

1694 998 1780 1036 114.

1283 1070 1440 1105 Tzetzes
1459 1067 1507 1105 ad
1524 1067 1719 1118 Lycophr.
1743 1080 1778 1105 v,
1797 1068 1895 1104 806:
1914 1065 2128 1118 Θεόπομπός
2142 1082 2261 1120 φησιν,

1231 1123 1284 1163 ὅτι
1300 1125 1580 1179 παραγενόμενος
1598 1129 1616 1164 ὁ
1646 1124 1837 1170 Ὀδυσσεὺς
1854 1124 1916 1164 καὶ
1935 1124 1979 1164 τὰ
2007 1125 2086 1179 περὶ
2109 1124 2174 1173 τὴν
2194 1127 2264 1165 Πε-

1231 1183 1381 1232 νελόπην
1402 1183 1584 1236 ἐγνωκὼς,
1605 1187 1738 1238 ἀπῆρεν
1758 1187 1805 1228 εἷς
1824 1184 2038 1238 Τυρσηνίαν,
2060 1184 2120 1224 καὶ
2146 1184 2264 1239 ᾤκησε

1233 1241 1295 1290 τὴν
1310 1243 1540 1296 Γορτυναίαν,
1561 1241 1642 1282 ἔνθα
1655 1242 1714 1282 καὶ
1737 1244 1882 1296 τελευτᾷ
1897 1243 1954 1281 ὑπ’
1979 1245 2105 1282 αὐτῶν.

1289 1303 1471 1342 Dubitari
1506 1312 1635 1355 potest
1663 1312 1792 1341 utrum
1831 1305 1910 1342 haec
1941 1318 1988 1342 ex
2011 1305 2108 1342 Chio
2130 1311 2266 1342 nostro

1241 1362 1362 1414 petita
1380 1363 1456 1400 sint
1471 1375 1520 1400 an
1537 1375 1558 1400 e
1572 1362 1830 1414 Theopompo
1844 1363 2016 1410 Comico,
2033 1362 2141 1414 cujus
2158 1362 2266 1400 fabu-

1235 1422 1272 1460 la
1294 1425 1441 1471 Ulysses
1460 1422 1644 1473 inscripta
1671 1422 1852 1460 laudatur
1879 1436 1901 1460 a
1925 1422 2067 1467 multis.

1709 1509 1797 1548 115.

1293 1584 1421 1622 Schol.
1430 1583 1479 1622 ad
1491 1584 1689 1636 Aris-toph.
1701 1587 1774 1623 Av.
1787 1586 1864 1623 880
1876 1599 1885 1622 :
1897 1582 2039 1623 Διδόναι
2049 1585 2268 1639 Νεφελοκοκ-

1237 1642 1409 1695 κυγίοισιν
1427 1641 1561 1693 ὑγίειαν
1579 1643 1640 1681 καὶ
1661 1642 1857 1697 σωτηρίαν,
1882 1643 2018 1681 αὐτοῖσι
2047 1642 2109 1682 καὶ
2138 1642 2269 1683 Χίοισι.

1239 1700 1440 1742 -Χίοισιν
1482 1700 1593 1749 ἥσθην
1635 1704 1819 1755 πανταχοῦ
1863 1701 2156 1756 προσκειμένοις.]
2197 1702 2270 1742 Καὶ

1239 1764 1342 1799 τοῦτο
1364 1759 1426 1813 ἀφ’
1455 1760 1610 1814 ἱστορίας
1640 1760 1776 1800 ἔλαὸεν.
1811 1761 1973 1814 Ηῦχοντο
2000 1759 2046 1812 γόι
2096 1761 2272 1808 Ἀθηναῖοι

1238 1816 1337 1867 κοινῇ
1360 1813 1419 1852 ἐπὶ
1439 1815 1509 1852 τῶν
1541 1816 1667 1852 θυσιῶν
1692 1814 1826 1858 ἑαυτοῖς
1853 1830 1890 1852 τε
1918 1813 1978 1852 καὶ
2005 1815 2039 1853 X
2054 1829 2124 1863 οις,
2151 1813 2270 1862 ἐπειδὴ

1239 1871 1396 1923 ἔπεμπον
1425 1874 1456 1910 οἱ
1491 1874 1572 1912 Χῖοι
1600 1872 1807 1926 συμμάχους
1833 1874 1881 1916 εἰς
1892 1872 2067 1922 Ἀθήνας,
2087 1871 2144 1911 ὅτε
2170 1872 2272 1926 χρεία

1239 1930 1396 1982 πολέμου
1420 1934 1569 1984 προσῆν,
1588 1931 1747 1986 καθάπερ
1770 1932 1983 1983 Θεόπομπος
2010 1932 2045 1969 ἓν
2066 1934 2117 1986 τῷ
2141 1932 2272 1970 δυωδε·

1240 1989 1339 2044 κάτῳ
1359 1993 1429 2029 τῶν
1451 1992 1682 2030 Φιλιππικῶν
1708 2007 1813 2045 φησιν
1843 1991 1966 2035 οὕτως’
1987 1992 2058 2030 «Οἱ
2083 1990 2119 2029 δὲ
2148 1990 2272 2030 πολλοὶ

1242 2045 1302 2081 τοῦ
1327 2047 1439 2082 ταῦτα
1468 2043 1635 2097 πράττειν
1669 2046 1837 2097 ἀπεῖχον,
1869 2042 1961 2082 ὥστε
1989 2042 2052 2087 τὰς
2078 2042 2182 2097 εὐχὰς
2213 2044 2273 2083 καὶ

1241 2101 1321 2155 περὶ
1341 2101 1481 2141 ἐκείνων
1503 2102 1562 2141 καὶ
1589 2105 1686 2157 σφῶν
1713 2104 1827 2142 αὐτῶν
1851 2104 2050 2150 ἐποιοῦντο,
2077 2103 2136 2142 καὶ
2168 2102 2272 2142 σπέν-

1243 2161 1357 2205 δοντες
1390 2160 1448 2199 ἐπὶ
1480 2164 1556 2205 ταῖς
1586 2161 1721 2205 θυσίαις
1746 2167 1823 2206 ταῖς
1862 2161 2087 2214 δημοτελέσιν
2123 2162 2275 2216 ηὔχοντο

1242 2225 1312 2263 τοῖς
1331 2223 1418 2265 θεοῖς
1452 2220 1550 2264 Χίοις
1588 2220 1718 2260 διδόναι
1734 2220 1871 2273 τάγαθὰ
1898 2221 1958 2260 καὶ
1981 2220 2096 2275 σφίσιν
2118 2222 2273 2265 αὐτοῖς.»

1299 2283 1428 2328 Quum
1449 2279 1542 2318 belli
1555 2281 1872 2332 Peloponnesiaci
1905 2282 2017 2319 initio
2038 2281 2125 2320 Chii
2142 2294 2164 2318 a
2179 2295 2271 2332 par-

1245 2339 1350 2377 tibus
1373 2340 1668 2378 Atheniensium
1683 2348 1847 2389 starent,
1873 2340 1915 2377 hi
1931 2340 1971 2377 in
1991 2340 2183 2378 sacrificiis
2207 2353 2276 2391 pu—

1242 2458 1379 2490 eamque
1395 2448 1438 2481 ol)
1462 2458 1531 2482 rem
1547 2449 1757 2482 calchantem
1778 2451 1811 2483 et
1828 2449 2079 2491 Amphilochum
2104 2450 2190 2482 terra
2216 2449 2276 2482 iter

1243 2495 1405 2537 ingressos
1425 2505 1507 2529 esse.

1715 2546 1731 2578 1
1742 2545 1758 2579 1
1768 2545 1788 2578 3
1795 2568 1804 2577 .

1285 2589 1400 2623 Clarus
1416 2590 1569 2632 oppidum
1585 2600 1684 2634 prope
1708 2591 1947 2632 Colophonem,
1966 2589 2109 2632 Apollini
2122 2599 2270 2631 sacrum3

1243 2638 1276 2667 et
1290 2637 1456 2669 oraculum
1474 2638 1552 2678 Dei,
1569 2647 1588 2670 a
1606 2640 1717 2671 Manto
1731 2638 1863 2671 Tiresiae
1887 2637 1953 2670 filia
1969 2637 2172 2678 institutum,
2187 2637 2240 2671 vel
2254 2646 2274 2670 a

1244 2683 1340 2715 Claro
1355 2684 1496 2724 quodam
1511 2685 1618 2725 heroe,
1639 2686 1676 2718 ut
1690 2685 1931 2726 Theopompus.

1286 2777 1514 2819 Theopompus
1554 2779 1673 2817 tradit,
1698 2779 1865 2820 Ulyssem,
1889 2788 1991 2820 quum
2026 2781 2102 2820 post
2125 2778 2270 2812 reditum

1244 2825 1447 2864 cognovisset
1461 2849 1470 2865 ,
1488 2834 1561 2865 quae
1577 2825 1746 2867 Penelopae
1771 2825 1966 2858 accidissent
1981 2849 1991 2865 ,
2007 2825 2041 2857 in
2053 2824 2266 2866 Tyrrheniam

1244 2871 1426 2912 profectum
1438 2880 1518 2912 esse,
1536 2873 1710 2913 sedemque
1724 2873 1834 2905 fixisse
1848 2875 2043 2914 Gortynaeae‚
2059 2873 2116 2905 ubi
2130 2873 2171 2906 ab
2187 2875 2273 2905 inco·

1245 2918 1284 2950 lis
1300 2918 1486 2951 interfectus
1499 2921 1594 2951 esset.

1288 3014 1350 3044 Det
1361 3011 1687 3044 Nubicuculiensibus
1698 3011 1868 3045 sanitatem
1878 3014 1910 3045 et
1919 3012 2068 3052 salutem,
2075 3012 2153 3053 ipsis
2163 3012 2273 3045 sociis·

1246 3069 1310 3101 que
1319 3059 1535 3094 chiis-Chii
1546 3067 1624 3092 sane
1633 3069 1685 3092 me
1694 3060 1853 3093 delectant
1861 3060 1984 3101 ubique
1993 3059 2270 3102 adiunctiJEtiam

1246 3108 1308 3140 hoc
1335 3116 1376 3140 ex
1402 3107 1538 3139 historia
1565 3107 1692 3139 sumsit.
1719 3108 1801 3139 Nam
1818 3107 2030 3139 Athenienses
2051 3107 2083 3138 in
2107 3106 2272 3139 sacrificiis

1245 3157 1278 3187 et
1290 3154 1353 3187 sibi
1369 3156 1402 3186 et
1417 3154 1508 3186 Chiis
1523 3154 1660 3186 salutem
1674 3153 1898 3195 precabantur,
1913 3154 1990 3195 quia
2002 3154 2122 3186 auxilia
2132 3154 2270 3187 Athenas

1246 3202 1402 3234 miserant
1429 3200 1502 3234 Chii
1527 3199 1561 3233 in
1589 3199 1663 3232 belli
1689 3200 1892 3233 descrimine.
1921 3201 2011 3234 Sicut
2044 3201 2270 3242 Theopompus

1246 3249 1328 3281 libro
1340 3247 1533 3281 duodecimo
1548 3245 1802 3289 Philippicorum
1815 3248 1908 3289 dicit,
1920 3248 1972 3280 his
1981 3248 2090 3281 verbis
2098 3256 2109 3278 :
2123 3247 2271 3288 Plerique

1247 3296 1288 3329 ab
1303 3305 1342 3329 ea
1362 3305 1396 3328 re
1413 3295 1654 3334 abstinuerunt,
1671 3295 1716 3327 ita
1741 3297 1778 3326 ut
1792 3303 1903 3336 preoes
1927 3295 2069 3328 facerent
2087 3303 2143 3334 pro
2163 3294 2226 3326 illis
2237 3296 2270 3326 et

1248 3352 1307 3385 pro
1319 3351 1354 3375 se
1368 3342 1450 3384 ipsis
1461 3343 1575 3382 :atque
1590 3341 1758 3374 libationes
1775 3342 1927 3374 facientes
1949 3343 1983 3374 in
2001 3341 2139 3383 publicis
2151 3339 2268 3374 sacrifi-

1246 3391 1306 3423 ciis
1319 3390 1397 3422 deos
1407 3388 1526 3431 precati
1537 3391 1626 3428 sunt,
1635 3389 1671 3421 nt
1681 3390 1714 3422 et
1724 3388 1815 3421 Chiis
1825 3391 1857 3421 et
1867 3388 1928 3421 sibi
1940 3389 2018 3430 ipsis
2029 3389 2110 3420 bona
2121 3388 2265 3420 darent·
