2320 3684
164 187 210 234 8⁴8
929 189 1038 228 XAN
1041 189 1131 229 ΤΗΙ
1159 191 1481 231 FRAGMENTA

163 281 343 320 Nicolaus
376 283 552 317 Damasc.
584 278 718 315 histor.
742 276 808 314 lib.
848 278 908 324 18,
939 290 977 328 p.
1017 291 1089 315 120
1131 279 1190 316 ed.

162 341 298 386 Orelli,
315 354 336 377 e
355 339 527 386 Xantho,
540 346 582 375 ut
598 340 790 375 Creuzero
806 336 968 374 videtur.
985 339 1115 384 Quare
1137 338 1194 376 lo—

162 413 248 437 cum
273 398 533 450 apposuimus.

1251 281 1337 324 θεοῖς
1362 278 1420 318 διὰ
1434 279 1475 318 τὸ
1489 281 1627 333 πρῶτον
1643 278 1798 333 ἅψασθαι
1819 279 2049 333 (ἀνθρωπείου
2066 280 2171 334 φόνου
2199 267 2272 320 δᾶ·-

1251 338 1423 377 dendum
1441 348 1572 377 censet
1601 338 1733 389 idern),
1752 337 1831 381 τοὺς
1847 337 1988 382 λοιποὺς
2005 339 2274 393 ἀφοσιουμένους

1252 397 1291 436 τὸ
1311 398 1411 450 ἄγος,
1431 398 1491 437 καὶ
1513 399 1630 450 (idem
1656 399 1815 449 corrigit
1828 426 1839 446 ‚
1868 397 1962 449 ἄγος,
1990 398 2047 436 διὰ
2069 398 2106 437 δὲ
2127 399 2187 438 τὸν
2205 400 2273 439 Δία

217 456 418 511 &pax-Actor
446 454 482 492 δὲ
511 453 753 501 ἕπεκλῆθησαν
776 452 846 491 ἀπὸ
864 457 926 502 τῆς
943 453 1107 502 τοιαύτης
1134 456 1193 492 αἷ-
1251 457 1329 510 ἀπ.)
1351 457 1566 502 ἀπολύοντας
1598 462 1659 496 τοῦ
1694 457 1798 511 φόνου
1822 457 2058 510 προσὸάλλειν
2090 459 2186 512 αὐτῷ
2209 458 2274 507 τὴν

163 516 249 560 τίας,
272 515 356 554 Ἐπὶ
375 512 563 553 Ἀλυάττου
585 516 646 550 τοῦ
665 514 732 550 τῶν
754 512 878 551 Λυδῶν
909 512 1078 565 βασιλέως
1105 512 1192 567 ἀνήρ
1250 529 1383 581 ψῆφον,
1401 528 1477 567 ὅθεν
1499 526 1673 580 διαμένειν
1690 527 1741 566 ἔτι
1760 527 1819 566 καὶ
1837 532 1908 566 νῦν.

1260 567 1267 581 Α

162 591 213 618 τις
232 573 321 625 μετὰ
341 572 501 624 γυναικὸς
523 571 583 610 καὶ
601 573 670 609 τῶν
688 573 812 609 ἑαυτοῦ
841 570 971 610 τέκνων
995 573 1035 610 ἑκ
1054 571 1194 615 Μυσίας

163 636 225 679 τῆς
240 634 308 671 τῶν
329 630 481 685 Θρᾴκων
502 629 620 683 χώρας
642 628 866 683 ὁρμώμενος,
891 624 931 677 ἧς
950 630 1009 669 καὶ
1031 630 1193 685 (Όμηρος

164 689 374 742 μνημονεύει
393 689 504 741 λέγων
520 688 645 737 οὕτως,

244 780 364 810 Μυσῶν
380 778 407 808 τ’
420 775 612 818 ἀγχεμάχων
627 776 680 808 καὶ
695 775 820 817 ἀγαυῶν
836 777 1068 818 Ἱππημολγῶν,

162 847 365 901 διεπέρασεν
386 849 433 891 εἷς
450 846 495 885 τὰ
511 846 601 901 μέρη
617 849 679 893 τῆς
699 846 814 891 Ἀσίας
826 876 835 891 ,
855 849 902 892 εἷς
917 847 1037 901 χώραν
1056 846 1119 895 τὴν
1138 849 1193 886 λε-

163 906 313 958 γομένην
335 905 488 967 Λυδίαν,
509 906 569 944 καὶ
590 903 776 958 κατῴκησε
800 906 949 953 πλησίον
973 909 1035 953 τῆς
1059 905 1195 950 πόλεως

163 964 342 1019 Σάρδεων.
359 966 393 1004 Τ
395 968 434 1003 οὔ
449 968 507 1003 οὖν
518 963 688 1017 βασιλέως
701 963 787 1016 πρὸς
795 963 836 1002 τὸ
852 967 915 1010 τῆς
927 964 1062 1008 πόλεως
1079 970 1194 1017 τεῖχος

164 1023 418 1075 καθεζομένου,
436 1023 600 1077 διήρχετο
618 1025 641 1069 ἠ
662 1021 748 1074 γυνὴ
775 1026 836 1061 τοῦ
862 1023 1024 1076 Θρᾳκὸς,
1051 1022 1108 1061 ἐπὶ
1129 1023 1192 1075 μὲν

165 1086 228 1130 τῆς
242 1084 398 1136 κεφαλῆς
419 1081 644 1135 βαστάζουσα
666 1081 834 1133 στάμνον,
851 1081 908 1120 ἐπὶ
924 1081 961 1119 δὲ
979 1084 1049 1119 τῶν
1066 1085 1192 1136 χειρῶν

163 1141 348 1189 ἠλακάτην
369 1141 428 1180 καὶ
449 1141 635 1194 ἄτρακτον,
659 1139 801 1178 ὄπισθεν
825 1139 860 1178 δὲ
885 1139 972 1194 πρὸς
995 1139 1059 1187 τὴν
1083 1140 1193 1188 ζώνην

162 1199 269 1244 ἵππος
284 1217 336 1245 τις
349 1199 576 1254 προσεδέδετο
589 1215 596 1223 ·
614 1199 673 1238 καὶ
689 1199 747 1238 ἐπὶ
761 1198 824 1250 μὲν
838 1201 900 1246 τῆς
911 1201 1063 1253 κορυφῆς
1075 1202 1094 1237 6
1110 1199 1195 1237 στά-

164 1276 247 1310 μνος
260 1254 302 1307 ἠν
319 1259 444 1312 μεστὸς
460 1258 583 1304 ὕδατος
593 1275 600 1283 ·
622 1260 656 1297 ἐν
670 1257 706 1297 δὲ
723 1265 798 1302 ταῖς
811 1258 931 1311 χερσὶν
944 1258 1120 1312 εἰργάζετο
1136 1258 1196 1305 νή-

163 1322 270 1357 θουσα
290 1320 330 1357 ἐκ
343 1322 406 1365 τ’ῆς
421 1318 602 1365 ἠλακάτης
618 1317 677 1356 τὸν
699 1317 881 1371 ἄτρακτον·
897 1317 1037 1355 ὄπισθεν
1056 1316 1092 1355 δὲ
1110 1316 1197 1370 πρὸς

162 1377 226 1425 τὴν
242 1377 353 1425 ζώνην
373 1376 558 1425 ἠκολούθει
577 1380 595 1415 6
612 1374 719 1419 ἵππος
737 1376 806 1414 ἀπὸ
824 1379 887 1422 τῆς
909 1379 1025 1427 πηγῆς
1045 1391 1194 1414 πεποτι-

163 1436 299 1487 σμένος.
320 1434 464 1483 Ταύτην
493 1434 574 1473 ἰδὼν
597 1438 615 1473 ὃ
642 1433 804 1487 βασιλεὺς
831 1434 993 1486 μεγάλως
1019 1433 1196 1486 ἐθαύμασε

162 1495 221 1533 καὶ
241 1495 420 1548 ἠρώτησε,
436 1493 539 1532 πόθεν
554 1494 614 1532 καὶ
630 1493 680 1537 τίς
699 1493 758 1532 καὶ
773 1493 875 1536 ποίας
893 1493 966 1532 ἐστὶ
984 1493 1129 1538 πόλεως.
1151 1495 1195 1534 Ἡ

164 1553 200 1592 δὲ
215 1553 438 1606 ἀπεκρίνατο,
457 1551 585 1600 Μυσὴν
610 1551 672 1604 μὲν
693 1545 781 1591 εἶναι
803 1551 843 1590 τὸ
870 1551 977 1604 γένος·
997 1553 1143 1607 Θρᾴκης
1167 1555 1196 1592 δ’

163 1613 256 1652 ἔστιν
277 1612 362 1651 αὐτὸ
387 1611 581 1664 πολίχνιον.
606 1610 736 1651 Λαὸὼν
758 1605 816 1649 οῧν
839 1611 1001 1664 βασιλεὺς
1031 1612 1101 1651 ἀπὸ
1134 1616 1197 1660 τῆς

162 1670 323 1722 γυναικὸς
345 1668 520 1724 ἀφορμὴν,
548 1669 737 1724 πρεσὸείαν
763 1669 849 1723 πρὸς
877 1669 936 1708 τὸν
961 1673 1024 1717 τῆς
1048 1670 1195 1724 Θρᾴκης

165 1729 312 1781 βασιλέα
339 1729 575 1780 ποιησάμενος
610 1728 726 1768 Κότυν
760 1729 1030 1780 ὀνομαζόμενον,
1066 1731 1194 1768 ἐκεῖθεν

163 1787 288 1827 ἔλαὸεν
309 1787 435 1842 ἄνδρας
458 1787 654 1839 μετοίκους,
681 1786 769 1838 μετὰ
787 1790 959 1838 γυναικῶν
977 1787 1037 1826 καὶ
1052 1787 1196 1838 τέκνων,

163 1847 267 1900 ὄχλον
280 1846 410 1885 ἱκανόν.
423 1846 567 1894 Ταύτην
586 1846 622 1884 δὲ
641 1845 704 1893 τὴν
722 1845 876 1899 ἱστορίαν
898 1846 1071 1890 Νικόλαος
1088 1850 1106 1885 6
1125 1849 1197 1886 Δα-

164 1905 343 1958 μασκηνὸς
362 1905 487 1960 γράφει
502 1907 536 1944 ἐν
550 1908 601 1959 τῷ
617 1905 908 1958 ὀκτωκαιδεκάτῳ
928 1907 1034 1944 αὐτοῦ
1056 1905 1196 1959 βιὸλίῳ,

163 1968 181 2003 6
197 1964 345 2017 γεγονὼς
359 1963 580 2018 ὑπογραφεὺς
598 1963 758 2018 Ἡρώδου
779 1967 841 2002 τοῦ
861 1964 1043 2016 βασιλέως.

218 2028 278 2063 Ex
313 2024 559 2062 Constantini
583 2023 875 2075 Porphyrogen.
901 2023 969 2061 lib.
991 2027 1008 2061 Ι
1029 2022 1118 2076 Περὶ
1139 2026 1197 2062 θε-

163 2082 297 2133 μάτων,
318 2096 402 2133 cap.
420 2085 487 2121 111.

214 2221 338 2268 Etym.
354 2221 430 2255 M.:
457 2217 642 2270 Ἑρμαῖον,
663 2215 721 2255 τὸν
748 2217 848 2270 σορὸν
870 2218 955 2267 (leg.
976 2217 1102 2271 σωρὸν)
1126 2220 1195 2256 τῶν

163 2276 281 2325 λίθων,
295 2276 355 2314 καὶ
375 2275 527 2320 συνόλως
542 2275 620 2319 τοὺς
637 2275 785 2319 ἐνοδίους
797 2276 930 2319 λίθους·
949 2275 1044 2327 λέγει
1059 2276 1095 2315 δὲ
1113 2278 1194 2330 περὶ

165 2338 278 2374 αὐτῶν
297 2335 448 2383 Ξάνθος,
469 2335 522 2373 ὅτι
538 2335 803 2379 ἀποκτείναντος
823 2334 958 2389 Ἑρμοῦ
975 2335 1034 2374 τὸν
1055 2335 1193 2389 Ἄργον,

163 2394 222 2432 καὶ
233 2393 330 2437 δίκας
343 2394 644 2446 εἰσ-πραττομένου
652 2394 711 2432 καὶ
721 2393 909 2446 ὑπέχοντος
919 2394 950 2446 (α
960 2396 1076 2445 vulgo
1091 2397 1194 2448 ὓπερ-

162 2452 322 2504 έχοντος,
347 2466 482 2504 parum
506 2453 553 2490 ad
577 2467 671 2500 rem,
691 2473 705 2487 »
726 2454 832 2492 Frid.
854 2453 1052 2505 Sylburg.)
1071 2455 1106 2491 ἐν
1125 2459 1196 2498 τοῖς

161 2607 223 2639 gua
239 2597 334 2630 arbor
346 2606 432 2638 oxya
448 2605 560 2638 mysus
576 2599 729 2638 vocatur,
756 2607 830 2638 quae
842 2599 936 2638 juxta
951 2598 1126 2639 Olympum
1143 2608 1192 2631 co-

160 2647 253 2687 piosa
266 2645 421 2684 nascitur,
435 2644 492 2676 ubi
507 2644 673 2685 expositos
694 2645 785 2676 aiunt
799 2645 899 2677 fuisse
912 2646 1102 2686 decimatos,
1113 2655 1189 2687 quo-

162 2702 232 2724 rum
249 2691 415 2733 progenies
435 2693 512 2723 suut
523 2691 607 2732 Mysi
623 2715 632 2731 ,
655 2691 701 2723 sic
720 2700 738 2723 a
753 2700 847 2732 myso
869 2692 982 2724 arbore
1003 2693 1093 2724 dicti.
1129 2693 1190 2724 Ad-

162 2739 310 2780 stipulari
325 2738 422 2770 etiam
438 2738 579 2779 linguam
595 2738 696 2778 aiunt,
714 2738 850 2770 mixtam
863 2740 1026 2780 ePhrygia
1035 2741 1068 2771 et
1076 2740 1189 2780 Lydia.

160 2790 207 2818 Ac
222 2788 333 2826 Mysos
347 2785 547 2826 aliquamdiu
561 2788 644 2817 circa
659 2786 834 2827 Olympum
850 2786 1066 2826 habitavisse3
1087 2795 1190 2827 quum

162 2835 268 2865 autem
281 2833 424 2873 Phryges
440 2841 458 2864 e
473 2833 610 2865 Thracia
625 2833 840 2874 traiecissem,
867 2835 1022 2874 ceperunt
1039 2835 1143 2874 Trojae
1158 2835 1191 2866 et

163 2879 288 2912 viciniae
315 2879 493 2920 principem
511 2889 518 2910 :
542 2888 598 2912 eos
614 2879 746 2920 quidem
771 2880 824 2912 hic
849 2880 1034 2912 consedisse
1051 2889 1059 2912 ε
1078 2883 1190 2921 Mysos

162 2929 269 2958 autem
286 2935 383 2967 supra
398 2926 503 2958 fontes
516 2926 603 2959 Caici
621 2936 721 2968 prope
734 2927 884 2968 Lydiam.

653 2984 690 3014 9.

202 3032 406 3072 Hermaeum,
423 3032 567 3074 lapidum
583 3032 751 3065 cumulum
767 3035 800 3066 et
815 3033 847 3065 in
864 3033 1054 3066 universum
1067 3032 1189 3073 lapides

162 3077 195 3108 in
217 3078 270 3109 via
290 3079 436 3118 positos;
460 3080 500 3112 de
518 3080 638 3121 quibus
659 3080 738 3112 dicit
751 3081 899 3113 Xanthus
917 3091 925 3112 ε
949 3089 1050 3121 quum
1065 3082 1188 3112 Mercu-

152 3124 231 3156 ‘rius
244 3127 372 3166 propter
387 3129 510 3166 Argum
532 3127 738 3160 interfectum
755 3137 774 3159 a
789 3128 852 3160 diis
867 3128 902 3159 in
922 3127 1079 3168 iudicium
1095 3135 1189 3159 voca-

161 3172 215 3202 tus
229 3173 325 3211 esset,
347 3174 383 3202 ut
395 3181 525 3212 poenam
540 3174 654 3214 lueret,
670 3175 760 3215 quod
772 3175 896 3216 primus
912 3175 1052 3206 hominis
1066 3174 1188 3206 caedem

161 3217 387 3257 commisisset,
403 3222 525 3251 ceteros
538 3220 616 3252 deos
643 3221 734 3254 Jovis
750 3222 851 3262 gratia
863 3221 1059 3254 Mercurium
1074 3221 1188 3263 capitis

162 3262 352 3300 absolvisse,
372 3263 427 3294 sed
445 3263 525 3296 dicis
539 3273 651 3297 caussa
680 3268 779 3300 caedis
796 3277 925 3309 poenam
945 3270 1110 3300 sumentes
1125 3267 1189 3300 cal·

163 3308 271 3340 culum
284 3308 313 3340 ei
327 3308 493 3349 adjecisse.
510 3312 606 3348 Quod
621 3313 696 3345 inde
710 3315 890 3346 etiamnum
905 3317 1081 3355 permanet.

203 3408 351 3451 Xanthus
369 3408 484 3449 refert,
512 3367 854 3453 Alci1n1n¹noi1uendam
876 3415 910 3445 in
927 3413 979 3445 illa
995 3413 1123 3454 regione
1139 3422 1184 3446 re-

1304 588 1449 627 Eadem
1472 596 1680 626 narrantur
1712 601 1760 625 ex
1792 588 1985 626 Anticlide
2005 601 2067 639 ap.
2091 587 2217 626 schol.
2238 596 2277 627 et

1252 649 1426 686 Eustath.
1445 648 1493 686 ad
1513 651 1626 686 Hom.
1653 647 1725 686 Od,
1751 649 1809 695 16,
1834 654 1924 694 47¹·
1943 650 2052 685 Hanc
2068 647 2276 685 her-maeo-

1251 720 1337 744 rum
1366 709 1524 759 originis
1556 707 1852 758 explicationem
1871 736 1883 758 ,
1924 707 2099 757 quamvis
2131 707 2278 744 Xanthi

1252 768 1354 805 aetati
1383 769 1473 805 satis
1494 775 1584 818 apta
1604 767 1728 805 videri
1760 767 1894 819 possit,
1913 767 2137 804 Welckerus
2155 767 2278 804 serio—

1252 827 1304 864 ris
1338 827 1410 864 aevi
1441 828 1664 877 figmentum
1699 839 1780 864 esse
1819 826 2014 865 existimat
2043 839 2065 864 a
2089 825 2278 877 Dionysio

1247 885 1578 936 Scytobrachione
1600 886 1762 924 Xantho
1779 893 1914 924 nostro
1935 885 2136 923 tributum.

1742 966 1799 1004 10.

1306 1050 1351 1084 In
1374 1047 1650 1098 antiquissimis
1667 1047 1799 1098 Lydiae
1823 1047 1977 1098 regibus
2004 1047 2208 1098 ponendus
2225 1048 2281 1087 vi—

1253 1107 1367 1145 detur
1384 1107 1567 1154 Alcimus,
1592 1108 1640 1146 de
1659 1122 1737 1159 quo
1765 1107 1915 1154 sindus,
1931 1107 2092 1146 Xantho
2109 1116 2281 1160 auctore,

1221 1192 1226 1220 1
1254 1166 1334 1204 haec
1345 1175 1494 1204 narrat:
1513 1166 1648 1210 Ξάνθος
1667 1169 1810 1219 ἱστορεῖ,
1830 1164 1999 1217 Ἀλκιμόν
2019 1181 2098 1204 τινα
2117 1167 2281 1218 βασιλεῦ’-

1221 1222 1226 1281 Ι
1254 1240 1314 1263 σαι
1335 1227 1397 1272 τῆς
1418 1226 1530 1263 ἐκεῖσε
1557 1224 1694 1278 χώρας,
1723 1225 1972 1264 εὖσεὸέστατον
1997 1224 2056 1263 καὶ
2085 1224 2280 1279 πρᾳότατον

1253 1283 1445 1337 ἄνθρωπον·
1459 1283 1518 1322 καὶ
1532 1284 1588 1322 ἐπ’
1602 1286 1707 1323 αὐτοῦ
1717 1283 1876 1336 γενέσθαι
1895 1283 2042 1337 εἰρήνην,
2055 1286 2194 1336 βαθεῖαν
2221 1283 2282 1323 καὶ

1253 1343 1403 1381 πλοῦτον
1414 1342 1537 1390 πολὺν,
1554 1342 1663 1386 ἀδέως
1681 1342 1717 1381 δὲ
1727 1343 1786 1381 καὶ
1803 1342 2102 1386 ἀνεπιὸουλεύτως
2119 1345 2180 1396 ζῇν
2197 1342 2282 1382 ἕκα-

1223 1413 1226 1423 ’
1254 1416 1347 1439 στον·
1369 1394 1445 1439 εἶτα
1467 1400 1588 1448 ἐπειδὴ
1609 1399 1699 1439 ἑπτὰ
1721 1400 1781 1448 ἔτη
1804 1395 1847 1448 ἦν
1869 1403 1920 1455 τῷ
1939 1401 2108 1455 Ἀλκίμῳ,
2129 1401 2282 1455 προσελ-

1255 1459 1375 1504 θόντας
1390 1460 1469 1505 τοὺς
1483 1459 1615 1504 Λυδοὺς
1631 1464 1790 1512 παγγενῆ
1805 1459 2000 1514 (παγγενεί)
2017 1475 2056 1499 τε
2076 1460 2136 1499 καὶ
2148 1461 2282 1508 πανδη-

1256 1518 1313 1570 μεὶ
1335 1519 1610 1573 προσεύξασθαι,
1635 1519 1695 1558 καὶ
1717 1521 1859 1567 αἰτῆσαι
1880 1522 1931 1573 τῷ
1950 1519 2107 1573 Ἀλκίμῳ
2136 1523 2284 1558 τοιαῦτα

1255 1577 1315 1626 ἔτη
1338 1579 1479 1626 δοθῆναι
1499 1580 1533 1622 ἐς
1547 1578 1588 1617 τὸ
1610 1579 1734 1618 Λυδῶν
1750 1578 1892 1630 ἀγαθόν·
1913 1578 1932 1617 ὃ
1950 1578 2010 1616 καὶ
2027 1576 2148 1630 γέγονε
2167 1577 2228 1617 καὶ
2247 1580 2283 1617 ἐν

1255 1637 1426 1692 εὐποτμίᾳ
1442 1653 1480 1676 τε
1499 1637 1559 1676 καὶ
1576 1637 1780 1691 εὐδαιμονία
1801 1639 1915 1690 πολλῇ
1935 1638 2067 1686 διῆγον.

1309 1698 1418 1736 Conf.
1439 1698 1595 1737 Suidam
1611 1711 1638 1735 s.
1661 1696 1859 1748 Πανδημεί,
1875 1696 1941 1734 ubi
1957 1697 2010 1734 sic
2025 1711 2034 1733 ε
2051 1695 2226 1748 πανδημεὶ
2246 1695 2283 1734 δὲ

1253 1755 1313 1794 καὶ
1332 1759 1489 1808 παγγενῆ
1505 1750 1609 1803 ἦλθον
1624 1757 1655 1794 οἱ
1674 1755 1782 1795 Λυδοὶ
1798 1755 2094 1808 παρακαλοῦντες.

1743 1852 1802 1890 11.

1307 1937 1484 1972 Mnaseas
1505 1932 1607 1984 apud
1617 1933 1843 1971 Athenaeum
1854 1935 2000 1981 vl11‚c.
2015 1935 2123 1984 37‚p.
2133 1934 2283 1983 346‚D:

1254 1991 1299 2031 ‘H
1321 1992 1358 2030 δέ
1372 2008 1412 2043 γε
1433 1992 1648 2046 Ἀτεργάτις,
1677 1990 1797 2040 ὥσπερ
1825 1990 1962 2035 Ξάνθος
1992 1989 2086 2042 λέγει
2109 1994 2127 2029 6
2150 1990 2283 2039 Λυδὸς,

1254 2051 1322 2089 ὑπὸ
1351 2050 1477 2104 Μόψου
1505 2055 1567 2090 τοῦ
1599 2051 1715 2090 Λυδοῦ
1741 2051 1894 2099 ἁλοῦσα,
1916 2049 2172 2097 κατεποντίσθη
2196 2049 2283 2102 μετὰ

1254 2109 1390 2162 Ἰχθύος
1408 2115 1469 2149 τοῦ
1489 2113 1563 2149 υἱοῦ
1583 2111 1618 2148 ἐν
1632 2113 1675 2162 τῇ
1692 2109 1773 2163 περὶ
1792 2110 1996 2148 Ἀσκάλωνα
2017 2109 2124 2162 λίμνῃ
2143 2108 2200 2148 διὰ
2219 2108 2283 2156 τὴν

1254 2168 1365 2222 ῧὲριν,
1381 2169 1440 2208 καὶ
1457 2169 1525 2208 ὑπὸ
1541 2171 1611 2207 τῶν
1632 2168 1760 2221 ἰχθύων
1779 2167 1998 2223 κατεὸρώθη.

1742 2246 1800 2284 12.

1306 2335 1508 2373 Athenaeus
1541 2338 1600 2381 X,
1625 2335 1662 2381 8,
1682 2349 1720 2386 p.
1753 2335 1842 2381 415,
1864 2337 1914 2380 C,
1936 2332 2144 2377 ΒτΞάνθος
2165 2331 2281 2381 &sfgr

1252 2399 1323 2437 τοῖς
1337 2394 1541 2442 Λυδιακοῖς,
1562 2392 1768 2445 Κάμὸλητα
1801 2392 1900 2447 φησὶ,
1928 2391 1987 2430 τὸν
2024 2390 2281 2444 βασιλεύσαντα

1254 2453 1394 2504 Λυδῶν,
1417 2451 1619 2506 πολυφάγον
1646 2451 1805 2504 γενέσθαι
1833 2451 1892 2490 καὶ
1919 2449 2136 2500 πολυπότην,
2169 2449 2221 2488 ἔτι
2244 2449 2281 2489 δὲ

1251 2608 1378 2640 gnasse,
1395 2600 1561 2632 hominem
1576 2598 1852 2640 religiosissimum
1865 2599 1898 2631 et
1913 2596 2213 2641 clementissimum,
2227 2605 2280 2629 cu·

1248 2646 1302 2686 jus
1318 2649 1464 2688 tempore
1479 2649 1512 2679 et
1524 2647 1588 2679 alta
1608 2655 1687 2688 pace
1702 2649 1734 2678 et
1751 2646 1866 2688 opibus
1883 2645 1986 2687 Lydia
2005 2644 2145 2677 floruerit
2155 2667 2165 2684 ,
2182 2644 2227 2677 ita
2242 2647 2279 2676 ut

1252 2694 1389 2735 quisque
1411 2703 1522 2726 secure
1540 2696 1573 2727 et
1594 2694 1664 2726 sine
1686 2695 1776 2726 metu
1796 2694 1897 2725 vitam
1920 2693 2118 2734 transigeret.
2162 2692 2280 2724 Postea

1250 2750 1328 2773 vero
1346 2750 1447 2782 quum
1463 2741 1608 2773 Alcimus
1623 2743 1745 2782 septem
1757 2749 1859 2772 annos
1875 2741 2050 2781 regnasset,
2060 2740 2163 2771 totam
2175 2738 2279 2780 Lydo-

1249 2797 1321 2819 rum
1336 2791 1462 2829 gentem
1483 2796 1677 2829 omnemque
1691 2787 1846 2829 populum
1863 2787 1904 2819 ad
1918 2795 1994 2819 eum
2010 2785 2201 2824 accessisse,
2221 2793 2275 2817 vo-

1249 2835 1357 2876 tisque
1379 2835 1473 2867 sactis
1492 2835 1524 2877 [a
1539 2835 1613 2876 deo]
1629 2835 1760 2876 petiisse
1770 2858 1780 2874 ,
1798 2836 1835 2867 ut
1850 2834 1959 2877 plures
1972 2833 2052 2866 tales
2067 2829 2278 2865 anni³Alclmo

1250 2882 1414 2921 darentur,
1427 2883 1594 2923 Lydorum
1608 2883 1694 2914 bono
1710 2892 1718 2914 ε
1736 2882 1822 2923 quod
1844 2882 1942 2914 etiam
1957 2881 2080 2913 sactum
2093 2882 2154 2912 est.
2171 2881 2278 2918 Quare

1249 2929 1349 2961 vitam
1364 2930 1459 2962 valde
1475 2929 1599 2962 felicem
1617 2932 1650 2962 et
1660 2929 1788 2962 beatam
1805 2929 2040 2969 transegerunt.

1734 3000 1795 3033 11.

1290 3074 1365 3113 lpsa
1386 3072 1518 3112 quidem
1548 3072 1708 3112 Atargatis
1723 3095 1732 3111 ‚
1764 3074 1802 3103 ut
1816 3071 1965 3103 Xanthus
1982 3070 2083 3103 tradit
2096 3069 2238 3112 Lydius,
2257 3079 2277 3102 a

1247 3120 1362 3160 Mopso
1371 3119 1462 3160 Lydo
1475 3121 1568 3159 capta
1583 3127 1658 3150 cum
1673 3118 1807 3159 Ichthye
1822 3118 1898 3157 tilio,
1913 3118 1946 3149 in
1963 3117 2034 3149 lacu
2048 3117 2104 3158 qui
2117 3119 2167 3149 est
2175 3125 2276 3158 prope

1248 3166 1439 3198 Ascalonem
1455 3166 1602 3197 demersa
1616 3167 1665 3197 est
1686 3165 1728 3196 ob
1745 3164 1978 3197 contumeliosa
2002 3164 2187 3205 injustaque
2201 3163 2274 3196 faci-

1247 3222 1343 3254 nora,
1364 3215 1396 3245 et
1414 3221 1434 3244 a
1455 3212 1598 3253 piscihus
1611 3213 1736 3244 vorata.

1730 3290 1790 3323 12.

1288 3365 1436 3396 Xanthus
1450 3373 1538 3404 vem,
1556 3363 1589 3395 in
1606 3363 1775 3405 Lydiacis,
1805 3363 2023 3400 cambletem‚
2045 3361 2210 3403 Lydorum
2226 3370 2270 3394 ie·

1247 3420 1335 3454 gom,
1354 3410 1450 3443 tradit
1465 3411 1595 3444 edacem
1612 3410 1824 3452 hihaccmque
1845 3412 1877 3442 et
1898 3410 1982 3451 gulae
1999 3409 2144 3442 deditum
2158 3409 2268 3442 luisse.
