2294 3704
932 136 999 175 DE
1027 135 1330 178 HELLANICO.
1377 187 1382 190 Α

79 223 358 277 complectens,
385 223 425 261 in
446 221 648 260 interiores
662 233 791 258 rerum
806 233 955 258 caussas
973 221 1101 270 inqui-

77 297 165 322 rens
179 312 189 331 ‚
214 282 318 321 civili
343 289 381 319 et
405 280 542 318 morali
560 278 765 330 prudentia
788 279 963 329 plenum,
983 279 1099 316 lumi-

76 342 192 380 nibus
208 347 384 379 ornatum
403 337 646 388 eloquentiae.
673 340 808 388 Itaque
827 336 910 375 fieri
928 349 1006 374 non
1028 350 1102 387 po-

78 401 170 447 tuit,
203 408 244 438 ut
274 398 342 449 qui
376 404 465 448 post
493 396 733 435 Hellanicum
771 396 820 433 ad
847 396 1100 434 universalem

76 459 232 498 Graeciae
261 455 459 494 historiam
491 454 729 493 condendam
761 454 888 493 denuo
920 467 1001 492 sese
1032 467 1098 492 ac—

75 518 294 562 cinxerunt,
313 512 428 564 hujus
450 513 649 564 scriptoris
672 513 832 564 vestigia
863 521 1099 564 premerent;

74 575 160 623 sed,
176 572 349 624 quamvis
368 572 488 610 multa
509 571 590 609 sine
607 570 727 609 dubio
748 571 782 608 ei
801 579 958 622 accepta
974 572 1096 609 refer-

75 641 159 670 rent
175 662 185 681 ‚
205 633 244 670 in
262 630 437 684 plurimis
456 639 583 668 tamen
601 630 675 667 alia
691 643 848 681 prorsus
860 630 924 668 via
942 630 1098 668 incede-

77 691 179 730 bant.

128 749 237 787 Fides
282 755 319 786 et
353 746 560 786 auctoritas
607 746 808 784 Hellanico
849 760 871 784 a
904 747 1096 785 veteribus

74 820 172 858 saepe
196 806 381 858 denegata
415 813 483 843 est.
507 808 563 843 Ac
594 818 715 855 quum
740 805 780 842 in
813 812 870 842 tot
902 814 1030 856 partes
1057 819 1096 843 se

74 865 304 904 converterit
324 864 404 916 ejus
423 863 618 914 ingenium
631 892 642 910 ,
662 863 767 901 haud
784 864 899 901 semel
921 877 1009 902 eum
1034 878 1097 902 er-

74 937 175 963 rasse
201 923 379 962 lubenter
402 923 612 974 largiemur
627 921 678 974 (v.
700 923 746 959 fr.
767 937 851 971 111,
877 936 962 970 172,
995 923 1095 974 108).

73 982 185 1030 Quod
215 995 307 1019 vero
335 981 514 1032 Ephorus
539 981 616 1032 (ap.
631 980 742 1018 Phot.
764 981 847 1018 cod.
869 993 936 1028 72,
958 995 997 1032 p.
1021 983 1068 1026 64
1084 1011 1095 1031 ‚

79 1042 153 1090 18)
179 1053 269 1078 eum
307 1041 342 1078 ἐν
379 1038 553 1082 πλείστοις
587 1037 796 1091 ψευδόμενον
831 1039 925 1076 dicit
944 1069 955 1087 ,
984 1048 1097 1090 atque

73 1097 211 1137 Strabo
232 1099 368 1150 (XIII,
388 1111 426 1148 p.
446 1100 542 1145 612,
555 1097 617 1147 A)
636 1110 725 1134 eum
749 1098 790 1134 in
810 1098 1015 1136 tractandis
1038 1112 1097 1136 re—

73 1157 144 1195 bus
166 1157 439 1208 antiquissimis
458 1156 511 1193 ita
535 1169 575 1193 se
593 1156 849 1206 negligentem
865 1156 1074 1207 praebuisse
1086 1187 1096 1206 ,

73 1225 116 1254 ut
139 1217 285 1254 facilius
311 1217 384 1254 hoc
405 1217 446 1254 in
467 1228 606 1266 genere
630 1215 735 1252 credi
760 1224 890 1266 posset
909 1217 1096 1265 Hesiodo,

72 1284 111 1313 et
141 1278 330 1320 Homero,
361 1283 399 1312 et
423 1274 614 1324 Tragicis,
643 1275 718 1312 hoc
739 1275 950 1312 videndum
971 1285 1027 1314 est
1056 1285 1099 1314 ut

73 1342 176 1372 recte
208 1333 473 1384 intelligamus.
506 1336 641 1383 Neque
669 1333 772 1370 enim
795 1333 900 1370 aliud
919 1334 997 1372 fere
1016 1349 1098 1373 esse

74 1392 226 1431 videtur
251 1406 295 1430 ac
331 1393 362 1430 si
387 1392 570 1430 dixissent
595 1406 604 1429 ε
646 1392 865 1430 Hellanicus
891 1394 1097 1433 mendaciis

72 1453 237 1502 squalet,
257 1452 348 1502 quia
368 1451 407 1488 in
428 1451 557 1488 multis
576 1459 777 1501 poetarum
791 1452 1019 1500 narrationi,
1036 1455 1098 1491 cui

73 1511 253 1548 universa
268 1510 417 1548 Graecia
438 1510 653 1559 religiosam
670 1509 783 1547 fidem
802 1510 937 1559 habet,
955 1512 1098 1551 obscu-

74 1582 134 1607 ras
165 1568 348 1619 quasdam
384 1568 556 1604 locorum
589 1566 733 1605 fabulas
762 1568 994 1608 substituere
1025 1585 1094 1609 eo-

71 1636 183 1666 natus
213 1635 287 1674 est,
306 1634 421 1677 atque
445 1626 485 1663 in
514 1625 596 1663 aliis
614 1634 860 1664 monumenta
886 1629 993 1678 sequi
1012 1643 1096 1668 ma-

71 1687 142 1724 luit
165 1698 281 1736 quam
306 1685 488 1722 incertam
513 1684 682 1735 quidem,
710 1692 877 1722 attamen
899 1687 1097 1738 vulgarem

71 1745 306 1797 opinionem.
320 1744 381 1782 Sic
399 1742 538 1782 Strabo
557 1742 617 1795 (fr.
641 1742 727 1790 ¹45)
744 1743 780 1780 ei
796 1744 948 1783 crimini
967 1747 1095 1794 vertit,

71 1803 178 1855 quod
206 1802 446 1841 secundum
434 1815 610 1853 ipsorum
629 1801 885 1852 Trojanorum
904 1805 1096 1844 narratio-

72 1875 182 1908 nem,
209 1860 363 1911 Trojam
383 1873 406 1897 a
419 1861 563 1897 Graecis
554 1873 772 1920 mnunquam
794 1861 966 1900 funditus
987 1877 1095 1902 ever-

71 1933 151 1959 sam
179 1927 293 1970 atque
321 1917 386 1966 τὴν
411 1916 519 1965 αὐτὴν
543 1921 631 1956 εἶναι
648 1917 749 1957 πόλιν
775 1919 838 1966 τὴν
861 1925 919 1959 νῦν
939 1924 983 1974 τῇ
1016 1921 1094 1961 τότε

73 1979 326 2018 contenderit.
343 1979 456 2016 Plura
472 1977 672 2029 ejusmodi,
689 1980 865 2030 apprime
879 1981 917 2018 in
932 1982 1094 2032 Troicis,

71 2038 139 2076 ubi
168 2038 286 2075 multa
314 2034 487 2089 ἐπιχώρια
507 2038 682 2087 proferre
702 2039 849 2089 potuit,
877 2040 979 2091 apud
1007 2054 1094 2079 eum

72 2097 186 2135 obvia
207 2097 340 2143 fuisse,
364 2096 579 2146 significant
604 2096 723 2134 verba
753 2097 953 2136 Strabonis
978 2101 1094 2138 modo

73 2155 236 2193 laudatis
282 2153 452 2205 subjecta
485 2169 493 2191 :
530 2148 597 2197 οἶος
633 2157 651 2193 ὁ
694 2154 825 2194 ἐκείνου
856 2159 959 2206 μῦθος
998 2159 1092 2209 (noli

72 2229 161 2253 cum
173 2214 376 2264 0Xylandro
407 2213 574 2252 scribere
593 2212 726 2266 θυμός).
749 2217 927 2267 Ephorus
941 2218 1005 2268 (fr.
1027 2219 1093 2270 91)

75 2287 161 2312 eum
216 2272 460 2324 reprehendit
480 2301 491 2320 ,
558 2273 664 2323 quod
718 2274 1093 2316 Lacedaemoniorum

73 2332 293 2383 reipublicae
334 2331 646 2369 constitutionem
674 2332 722 2369 ad
747 2334 918 2372 Proclem
948 2344 986 2373 et
1014 2340 1093 2374 Eu-

73 2391 291 2442 rysthenem
328 2389 498 2427 referens
528 2390 587 2427 his
624 2390 833 2439 tribuisset,
854 2406 939 2443 quae
969 2404 1093 2433 essent

72 2450 251 2500 Lycurgi,
271 2447 379 2499 cujus
392 2462 440 2486 ne
460 2449 694 2486 mentionem
717 2450 874 2500 quidem
890 2452 1090 2502 injecisset.

19 2504 21 2506 ’
73 2509 147 2548 Sed
165 2508 331 2559 primum
356 2515 511 2558 reputes
532 2508 768 2545 Hellanicuin
793 2509 894 2558 haec,
912 2525 1030 2561 quum
1053 2514 1092 2550 in

74 2567 231 2605 Atthide
244 2574 398 2605 narrata
408 2566 778 2614 videantur‚nonnisi
793 2568 918 2607 obiter
931 2584 1091 2610 comme-

74 2638 258 2672 morasse;
281 2623 419 2662 deinde
444 2637 537 2662 vero
562 2625 665 2675 quod
689 2630 904 2677 Lycurgum
924 2642 1000 2666 non
1016 2643 1089 2668 no-

74 2683 255 2731 minavit,
285 2683 516 2720 documento
552 2696 633 2721 esse
662 2693 789 2734 potest
816 2699 904 2723 eum
933 2701 1018 2738 quae
1043 2689 1091 2727 de

72 2745 347 2793 Spartanorum
369 2741 520 2778 civitate
540 2742 698 2780 tradidit
719 2757 767 2780 ex
788 2745 984 2783 veteribus
1000 2747 1089 2785 hau--

74 2800 164 2838 sisse
194 2799 568 2837 Lacedaemoniorum
602 2801 838 2854 ἀναγραφαῖς,
872 2804 913 2841 in
951 2806 1090 2855 quibus

75 2861 251 2910 Lycurgo
279 2859 406 2895 locum
442 2872 519 2895 non
557 2859 671 2897 fuisse
701 2861 830 2898 statuit
860 2865 907 2900 Ο.
937 2865 1088 2903 Miiller.

73 2919 220 2963 Dor.l‚
239 2930 277 2966 p.
305 2917 387 2953 132.
409 2919 463 2954 Ac
492 2930 627 2955 revera
647 2918 831 2969 pleraque
859 2933 943 2970 quae
972 2924 1089 2974 vulgo

75 2977 249 3025 Lycurgo
271 2974 493 3012 tribuuntur
520 2989 567 3013 eo
590 2977 751 3014 multum
775 2978 992 3029 antiquiora
1007 2995 1088 3020 esse

74 3031 189 3071 hodie
205 3045 317 3070 nemo
337 3033 469 3070 nescit.

127 3091 241 3138 Quod
254 3091 368 3128 fuerit
383 3091 567 3129 Hellanici
581 3105 698 3142 genus
715 3093 866 3132 dicendi
881 3109 927 3133 ex
944 3097 1087 3148 reliqua

72 3162 232 3199 operum
250 3150 378 3186 indole
392 3150 478 3187 licet
494 3150 695 3201 conjicere.
710 3153 749 3191 Si
766 3153 805 3190 in
817 3154 1087 3204 antiquissimis

72 3207 330 3258 logographis‚
350 3216 392 3246 ut
406 3208 444 3245 in
457 3211 649 3257 Hecataeo,
670 3212 794 3249 oratio
812 3212 946 3251 habuit
965 3214 1089 3253 dulce-

74 3264 201 3302 dinem
218 3266 418 3316 quandam‚
438 3280 523 3316 quae
542 3269 706 3318 posteris
725 3270 826 3307 illam
846 3273 1087 3310 commenda—

75 3331 149 3369 ret3
179 3322 276 3359 hanc
306 3324 440 3361 eodem
465 3325 587 3363 'modo
612 3326 837 3366 diminutam
862 3342 943 3367 esse
969 3339 1084 3381 patet,

197 3392 430 3424 PROLEGOMENA
454 3402 486 3426 IN
508 3403 703 3427 fflS'romcos.

2036 153 2174 181 XXXIII

1161 236 1239 273 quo
1271 225 1390 276 magis
1420 225 1626 276 scriptores
1661 239 1683 263 a
1721 234 1922 277 poetarum
1960 229 2176 267 narratione

1160 282 1384 321 accederent
1398 283 1444 321 ad
1461 284 1580 322 solam
1593 285 1805 329 nominum,
1831 298 1956 322 rerum
1970 294 2174 336 gestarum,

1160 338 1350 387 locorum,
1371 351 1707 381 monumentorum
1727 344 2064 382 enumerationem.
2081 346 2175 384 Hel-

1159 394 1273 434 lanici
1289 398 1407 448 igitur
1428 414 1553 438 sermo
1571 415 1649 440 non
1669 402 1796 453 potuit
1813 401 1921 440 valde
1941 402 2090 453 placere
2104 416 2173 442 ne-

1159 466 1234 503 que
1256 455 1470 495 imitatione
1483 459 1621 510 dignus
1640 460 1787 499 haberi.
1797 461 1920 499 Testis
1936 469 1994 499 est
2015 464 2175 500 Hermo-

1157 524 1270 561 genes
1291 514 1399 568 (περὶ
1429 517 1528 555 ἷδεων
1559 531 1599 564 2,
1621 532 1661 569 p.
1694 521 1768 565 614
1794 519 1851 557 ed.
1880 520 2016 560 Colon.
2031 520 2065 571 ),
2085 522 2174 571 qui,

1158 570 1206 608 de
1233 572 1503 625 Theopompo,
1526 547 1704 626 Ephoro,
1728 578 1927 616 Hellanico
1953 588 1990 617 et
2012 580 2174 618 Philisto

1156 642 1294 679 agens,
1316 630 1421 677 ζήλου
1444 633 1503 671 και
1532 634 1729 684 μιμήσεως,
1757 637 1905 687 inquit,
1928 636 1972 675 τὰ
1998 654 2027 676 ει
2015 636 2072 686 ”δη
2104 640 2174 676 τῶν

1156 687 1267 739 λόγων
1301 691 1413 727 αὐτῶν
1441 692 1479 728 οὐ
1517 707 1610 730 πανυ
1646 709 1717 743 τοι,
1745 696 1877 746 μᾶλλον
1903 693 1939 734 δὲ
1973 696 2044 734 ουδ’
2064 695 2174 746 ὅλως,

1156 745 1299 793 ἠξίωται
1318 747 1415 802 παρα
1437 755 1508 792 τοῖς
1532 749 1687 798 εΈλλησι
1696 753 1877 807 ,καθάπερ
1895 754 1940 792 τὰ
1957 756 2026 794 τῶν
2047 754 2175 801 ἄλλων,

1155 809 1225 844 οῑον
1240 806 1468 853 Θουκυδίδου,
1488 807 1698 861 ιΗροδ’>”ι·ου,
1719 810 2174 866 Ἑκαταίου,Ξενοφωντος,

1154 867 1223 903 τῶν
1242 867 1386 905 λοιπων.
1413 870 1507 906 Cum
1535 869 1695 907 Philisto
1721 871 1833 908 etiam
1865 886 1886 909 a
1909 873 2046 911 Photio
2071 874 2173 926 (cod.
2213 864 2225 875 ⁴

1160 926 1252 973 176,
1284 939 1322 976 p.
1357 925 1454 975 204)
1489 928 1748 978 componitur.
1773 929 1945 968 Dialecto
1973 945 2063 970 usus
2097 942 2174 982 est,

1156 993 1198 1021 ut
1219 985 1391 1036 plerique
1408 987 1518 1024 istius
1533 988 1716 1038 temporis
1730 988 1918 1038 historici,
1938 993 2086 1038 Ionica,
2109 1007 2177 1031 co-

1156 1043 1278 1081 lorata
1297 1044 1379 1082 sine
1396 1045 1514 1082 dubio
1535 1046 1666 1083 formis
1684 1047 1852 1085 AEolicis.
1874 1049 1987 1094 Quod
2005 1052 2177 1089 Sturzius

1157 1115 1243 1139 eum
1256 1103 1398 1141 Dorice
1413 1104 1468 1141 vel
1478 1105 1624 1142 AEolice
1641 1106 1836 1155 scripsisse
1856 1108 2080 1157 suspicatur,
2096 1109 2177 1160 ejus

1157 1161 1211 1198 rei
1230 1161 1372 1199 indicia
1385 1163 1546 1213 protulit
1569 1176 1705 1213 parum
1719 1163 1870 1202 idonea.
1885 1169 1931 1202 V.
1946 1179 2071 1216 supra.

1210 1223 1254 1257 In
1276 1221 1348 1258 fine
1369 1221 1485 1271 hujus
1504 1223 1835 1259 commentationis
1852 1236 2047 1274 apponere
2068 1225 2178 1262 liceat

1157 1277 1282 1315 locum
1299 1280 1478 1329 Dionysii
1502 1279 1601 1331 (Jud.
1617 1280 1665 1317 de
1683 1280 1803 1318 Thuc.
1822 1295 1861 1332 p.
1885 1284 1977 1329 138,
2000 1284 2061 1334 36)
2076 1313 2087 1333 ,
2111 1285 2176 1334 qui

1158 1344 1236 1373 tum
1276 1345 1488 1376 ceterorum
1529 1339 1852 1389 logographorum
1896 1349 1974 1378 tum
2012 1343 2174 1380 maxime

1157 1396 1341 1433 Hellanici
1343 1409 1522 1462 moperum
1544 1397 1704 1434 sormam
1721 1406 1758 1435 et
1772 1398 1938 1436 indolem
1960 1400 2105 1450 optime
2119 1401 2178 1438 de·

1157 1454 1289 1504 pingit.
1309 1457 1431 1503 Οὗτοι,
1448 1455 1586 1506 inquit,
1603 1454 1802 1509 προαιρέσει
1816 1472 1854 1494 τε
1867 1456 1999 1510 ὁμοία’
1984 1458 2178 1510 εχρήσαντο

1155 1527 1235 1565 περι
1257 1512 1320 1560 τὴν
1351 1512 1498 1563 ἐκλογὴν
1527 1529 1595 1551 των
1626 1513 1835 1563 ὑποθέσεων,
1862 1515 1921 1553 καὶ
1951 1516 2112 1567 δυνάμεις
2137 1520 2176 1556 οὐ

1159 1570 1247 1609 πολύ
1282 1586 1316 1609 τι
1347 1571 1574 1625 διαφερούσας
1607 1571 1710 1624 ἔσχον
1741 1573 1915 1620 ἀλλήλων·
1940 1576 1969 1612 οἱ
1995 1573 2079 1625 μὲν,
2115 1575 2177 1621 τὰς

1157 1627 1370 1676 Ἑλληνικὰς
1386 1630 1641 1684 ἀναγράφοντες
1660 1633 1822 1685 ἱστορίας·
1840 1633 1870 1670 οἱ
1888 1631 1924 1669 δὲ
1936 1662 1946 1680 ,
1962 1633 2023 1676 τὰς
2037 1634 2176 1687 βαρὸαυ

1157 1687 1264 1741 ρικάς·
1285 1687 1344 1725 καὶ
1366 1687 1471 1731 αὐτὰς
1492 1687 1528 1726 δὲ
1544 1689 1672 1733 ταύτας
1691 1692 1729 1728 οὐ
1745 1689 1975 1735 συνάπτοντες
1993 1692 2173 1742 ἀλλήλαις,

1155 1745 1244 1783 ἀλλὰ
1265 1745 1344 1784 κατ’
1368 1744 1449 1794 ἔθνη
1475 1746 1533 1784 καὶ
1556 1746 1648 1786 κατὰ
1670 1747 1786 1792 πόλεις
1811 1749 2020 1802 διαιροῦντες
2039 1752 2095 1803 (8)
2116 1753 2175 1790 καὶ

1153 1803 1260 1857 χωρὶς
1274 1803 1434 1851 ἀλλήλων
1455 1804 1668 1859 ἐκφέροντες,
1689 1805 1750 1844 ἕνα
1765 1806 1824 1845 καὶ
1840 1807 1898 1846 τὸν
1918 1809 2020 1847 αὐτὸν
2045 1810 2176 1863 φυλάτ-

1153 1877 1268 1907 τοντες
1286 1863 1430 1911 σκοπὸν,
1454 1863 1534 1902 ὅσαι
1558 1863 1760 1909 διεσώζοντο
1778 1866 1875 1919 παρὰ
1893 1872 1963 1910 τοῖς
1979 1868 2175 1922 ἐπιχωρίοις

1155 1923 1291 1972 μνῆμαι
1314 1922 1404 1961 κατὰ
1421 1922 1501 1970 ἔθνη
1518 1939 1556 1961 τε
1575 1939 1635 1961 και
1655 1923 1746 1962 κατὰ
1765 1923 1902 1999 πόλεις,
1924 1925 1975 1964 εἴτ
1979 1926 2067 1965 Ηέν
2059 1933 2173 1980 ιεροῖς,

1153 1978 1218 2018 εἴτ’
1231 1982 1266 2019 ἐν
1288 1981 1484 2034 βεὸήλοις’
1465 1982 1692 2034 αποκείμεναι
1708 1983 1858 2037 γραφαὶ,
1884 1983 2013 2029 ταύτας
2036 1987 2084 2030 εἷς
2111 1986 2174 2033 τὴν

1155 2038 1274 2086 κοινὴν
1304 2039 1467 2078 ἁπάντων
1487 2056 1615 2092 γνωσιν
1644 2040 1852 2092 εξενεγκεῖν,
1869 2041 1940 2085 οἵας
1963 2044 2173 2104 παρέλαὸον·

1154 2095 1242 2146 μήτε
1256 2097 1514 2171 προστιθέντες
1509 2100 1629 2141 αὐταῖς
1641 2114 1688 2146 τι,
1708 2099 1797 2149 μήτε
1815 2102 2047 2154 ἀφαιρουντες·
2067 2103 2103 2139 ἐν
2122 2106 2175 2146 αἱς

1152 2155 1211 2193 καὶ
1229 2155 1332 2206 μῦθοί
1349 2171 1438 2200 τινες
1456 2158 1582 2204 ἐνῆσαν
1600 2156 1669 2195 ἀπὸ
1683 2161 1743 2195 τοῦ
1763 2159 1892 2196 πολλου
1906 2159 2174 2210 πεπιστευμενοι

1151 2213 1296 2264 χρόνου,
1327 2214 1385 2253 καὶ
1419 2214 1596 2268 θεατρικαί
1626 2231 1714 2258 τινες
1746 2215 1979 2268 περιπέτειαι,
2015 2216 2103 2255 πολὺ
2135 2218 2174 2256 τὸ

1151 2271 1283 2318 ἠλίθιον
1306 2271 1399 2325 ἔχειν
1425 2280 1494 2318 τοῖς
1519 2278 1578 2312 νῦν
1605 2274 1779 2312 δοκοῦσαι.
1808 2273 1910 2319 Λέξιν
1935 2290 1972 2313 τε
1996 2277 2042 2318 ὡς
2058 2275 2115 2314 ἐπὶ
2134 2276 2173 2314 τὸ

1151 2329 1240 2369 πολὺ
1259 2331 1321 2378 τὴν
1341 2331 1449 2379 αὐτὴν
1470 2332 1619 2375 ἅπαντες
1638 2332 1891 2381 ἐπετήδευσαν,
1918 2331 1992 2371 ὅσοι
2010 2333 2088 2376 τοὺς
2112 2336 2172 2372 αὐ-

1150 2387 1229 2432 τοὺς
1244 2390 1444 2443 προείλοντο
1457 2394 1524 2429 τῶν
1540 2390 1728 2429 διαλέκτων
1743 2394 1980 2445 χαρακτῆρας,
1999 2391 2062 2439 τὴν
2076 2396 2169 2446 σαφῆ

1151 2447 1209 2485 καὶ
1231 2447 1349 2495 κοινὴν
1371 2449 1429 2486 καὶ
1449 2447 1601 2502 καθαρὰν
1628 2449 1687 2487 καὶ
1715 2449 1884 2500 σύντομον
1908 2449 1967 2487 καὶ
1989 2456 2059 2493 τοῖς
2081 2451 2171 2503 προί-

1150 2521 1261 2556 γμασι
1283 2511 1456 2561 προσφυῆ,
1478 2507 1537 2545 καὶ
1561 2507 1733 2559 μηδεμίαν
1755 2507 1943 2562 σκευωρίαν
1964 2508 2169 2561 ἐπιφαίνου-

1150 2580 1213 2603 σαν
1236 2566 1411 2618 τεχνικήν.
1436 2566 1637 2620 Ἐπιτρέχει
1665 2566 1782 2617 μέντοι
1810 2583 1860 2609 τις
1882 2566 1955 2619 ὥρα
1969 2573 2037 2609 τοῖς
2061 2567 2170 2620 ἔργοις

1150 2626 1262 2662 αὐτῶν
1275 2654 1285 2672 ,
1308 2625 1369 2663 καὶ
1387 2625 1488 2678 χάρις
1506 2631 1576 2668 τοῖς
1595 2624 1657 2676 μὲν
1681 2624 1808 2663 πλείων
1821 2655 1831 2673 ,
1853 2630 1923 2667 τοῖς
1949 2624 1981 2661 δ’
1999 2624 2166 2664 ἐλάττων·

1150 2682 1194 2719 δι’
1212 2682 1255 2729 ἣν
1274 2681 1325 2721 ἔτι
1345 2683 1504 2735 μένουσιν
1522 2686 1634 2722 αὐτῶν
1655 2685 1690 2721 αἱ
1706 2682 1837 2737 γραφαί
1852 2683 1911 2735 (9)

1192 2781 1237 2822 (8)
1252 2783 1323 2814 Hoc
1342 2791 1440 2823 quam
1472 2782 1610 2814 maxime
1633 2782 1673 2813 de
1693 2781 1857 2813 Hellanico
1882 2780 1987 2813 valere
2009 2789 2048 2813 ex
2072 2791 2167 2823 supra

1149 2830 1320 2871 disputatis
1336 2830 1496 2869 vidimus,
1521 2832 1553 2862 et
1577 2829 1617 2861 ab
1631 2829 1743 2860 eodem
1762 2828 1916 2868 Dionysio
1938 2828 2126 2861 nominatim
2139 2830 2167 2862 ei

1148 2877 1301 2909 tribuitur
1313 2886 1344 2918 p.
1366 2880 1436 2916 139,
1457 2879 1493 2908 10
1512 2888 1518 2905 ε
1536 2876 1724 2912 Θουκυδίδης
1741 2875 1797 2906 οὐκ
1812 2875 1855 2915 ἐφ’
1870 2875 1934 2911 ἑνὸς
1957 2875 2105 2915 ἐὸουλήθη
2121 2878 2166 2909 τό·

1148 2935 1208 2955 που
1238 2924 1418 2965 καθιδρῦσαι
1442 2924 1496 2960 τήν
1519 2922 1672 2963 ἱστορίαν,
1695 2922 1736 2956 ὡς
1761 2922 1788 2952 οἱ
1811 2922 1878 2962 περὶ
1909 2920 1960 2952 τὸν
1990 2921 2167 2954 Ἑλλάνικον

1148 2970 1295 3007 ἐποίησαν
1306 2979 1313 2986 ·
1336 2972 1369 3001 et
1379 2978 1410 3010 p.
1431 2971 1500 3007 140,
1517 2971 1553 2999 13
1569 2977 1575 2998 :
1594 2967 1780 3004 Θουκυδίδης
1796 2967 1832 2998 οὐ
1846 2969 1908 3003 τοῖς
1929 2966 2034 3004 τόποις
2045 2992 2054 3006 ,
2077 2969 2107 3000 ἐν
2122 2970 2166 3005 οἷς

1147 3019 1178 3047 αἱ
1194 3017 1312 3059 πράξεις
1328 3016 1567 3052 ἐπετελέσθησαν
1579 3038 1587 3053 ,
1601 3014 1777 3045 ἀκολουθῶν
1793 3013 1914 3056 ἐμέρισε
1929 3014 1982 3051 τὰς
1997 3015 2165 3055 διηγήσεις,

1148 3065 1188 3099 ὡς
1201 3062 1362 3104 Ἡρόδοτός
1377 3073 1409 3092 τε
1430 3062 1482 3091 καὶ
1502 3059 1688 3095 Ἑλλάνικος.

1189 3109 1233 3149 (9)
1251 3107 1447 3147 Fragmentis
1461 3106 1616 3138 Hellanici
1631 3105 1731 3138 addas
1755 3116 1762 3137 ε
1789 3106 1940 3147 stephan.
1967 3109 2041 3148 Byz.
2061 3117 2069 3138 :
2090 3109 2163 3148 Βεμ·

1146 3157 1232 3194 ὅῖνα,
1248 3155 1339 3195 κώμη
1355 3157 1407 3191 τῆς
1430 3154 1559 3190 Νεμέας.
1575 3152 1750 3190 Ἑλλάνικος
1775 3154 1807 3185 δὲ
1829 3154 1976 3193 Βέμὸινον
1997 3157 2049 3186 καὶ
2078 3156 2165 3187 πόλιν

1145 3202 1246 3243 φησίν.
1265 3201 1312 3232 Ad
1338 3201 1376 3231 sr.
1399 3205 1417 3232 6
1438 3200 1580 3232 omissus
1600 3203 1650 3232 est
1673 3201 1763 3232 locus
1781 3201 1814 3232 in
1833 3202 2015 3234 certamine
2035 3203 2162 3236 Hesiodi

1145 3251 1176 3281 et
1192 3247 1321 3280 Homeri
1340 3256 1348 3277 ε
1365 3245 1539 3283 Ἑλλάνικος
1554 3247 1607 3287 μὲν
1619 3248 1737 3289 γὰρκαὶ
1751 3246 1904 3285 Κλεάνθης
1917 3247 2041 3279 Μαιόνα
2055 3248 2163 3289 (vulgo

1145 3293 1258 3333 Βίωνα)
1273 3294 1412 3333 λέγουσιν
1434 3292 1577 3332 (Homeri
1596 3295 1717 3333 patrem
1732 3293 1860 3333 fuisse).
1881 3296 2005 3334 Fragm.
2028 3297 2083 3326 102
2105 3296 2165 3326 sor-

1144 3349 1228 3373 mam
1250 3340 1401 3380 Ὀμφαλις
1417 3339 1559 3372 defendit
1582 3342 1693 3380 Unger.
1718 3340 1751 3371 in
1767 3339 1924 3372 Thebanis
1947 3340 2121 3373 paradoxis
2134 3345 2158 3381 l,

2032 3411 2052 3435 C
