<?xml version="1.0" encoding="UTF-8"?>
<!DOCTYPE html PUBLIC "-//W3C//DTD XHTML 1.0 Transitional//EN"
    "http://www.w3.org/TR/xhtml1/DTD/xhtml1-transitional.dtd">
<html xmlns="http://www.w3.org/1999/xhtml" xml:lang="en" lang="en">
 <head>
  <title>
</title>
<meta http-equiv="Content-Type" content="text/html;charset=utf-8" />
  <meta name='ocr-system' content='tesseract 3.04.00' />
  <meta name='ocr-capabilities' content='ocr_page ocr_carea ocr_par ocr_line ocrx_word'/>
</head>
<body>
  <div class='ocr_page' id='page_1' title='image "./fragmentahistori01mueluoft_0320.png"; bbox 0 0 2320 3684; ppageno 0'>
   <div class='ocr_carea' id='block_1_1' title="bbox 146 200 220 234">
    <p class='ocr_par' dir='ltr' id='par_1_1' title="bbox 146 200 220 234">
     <span class='ocr_line' id='line_1_1' title="bbox 146 200 220 234; baseline 0.014 -1"><span class='ocrx_word' id='word_1_1' title='bbox 146 200 220 234; x_wconf 80' lang='lat'><strong>218</strong></span> 
     </span>
    </p>
   </div>
   <div class='ocr_carea' id='block_1_2' title="bbox 197 278 1178 436">
    <p class='ocr_par' dir='ltr' id='par_1_2' title="bbox 197 278 1178 436">
     <span class='ocr_line' id='line_1_2' title="bbox 534 278 779 318; baseline -0.008 -1"><span class='ocrx_word' id='word_1_2' title='bbox 534 279 681 318; x_wconf 86' lang='lat' dir='ltr'>LIBER</span> <span class='ocrx_word' id='word_1_3' title='bbox 710 278 779 316; x_wconf 92' lang='lat' dir='ltr'><strong>1V.</strong></span> 
     </span>
     <span class='ocr_line' id='line_1_3' title="bbox 197 331 1178 436; baseline 0 -13"><span class='ocrx_word' id='word_1_4' title='bbox 197 385 359 436; x_wconf 87' lang='lat' dir='ltr'><strong>Diogen.</strong></span> <span class='ocrx_word' id='word_1_5' title='bbox 378 388 504 422; x_wconf 82' lang='lat' dir='ltr'><strong>Laert.</strong></span> <span class='ocrx_word' id='word_1_6' title='bbox 524 386 618 421; x_wconf 89' lang='lat' dir='ltr'><strong>VIII</strong></span> <span class='ocrx_word' id='word_1_7' title='bbox 627 331 721 432; x_wconf 54' lang='lat'>&#39;931’</span> <span class='ocrx_word' id='word_1_8' title='bbox 744 383 821 420; x_wconf 85' lang='lat' dir='ltr'><strong>vit.</strong></span> <span class='ocrx_word' id='word_1_9' title='bbox 841 384 1065 434; x_wconf 89' lang='lat' dir='ltr'><strong>Empedocl.</strong></span> <span class='ocrx_word' id='word_1_10' title='bbox 1082 386 1178 423; x_wconf 87' lang='lat' dir='ltr'><strong>Dio-</strong></span> 
     </span>
    </p>
   </div>
   <div class='ocr_carea' id='block_1_3' title="bbox 146 441 1178 1078">
    <p class='ocr_par' dir='ltr' id='par_1_3' title="bbox 146 441 1178 1078">
     <span class='ocr_line' id='line_1_4' title="bbox 146 441 1176 494; baseline 0.001 -13"><span class='ocrx_word' id='word_1_11' title='bbox 146 444 263 481; x_wconf 88' lang='lat' dir='ltr'><strong>dorus</strong></span> <span class='ocrx_word' id='word_1_12' title='bbox 290 443 479 494; x_wconf 80' lang='lat' dir='ltr'>Ephesius</span> <span class='ocrx_word' id='word_1_13' title='bbox 495 450 718 479; x_wconf 78' lang='lat' dir='ltr'>narraverat</span> <span class='ocrx_word' id='word_1_14' title='bbox 744 441 1019 491; x_wconf 80' lang='lat' dir='ltr'><strong>Empedoclem</strong></span> <span class='ocrx_word' id='word_1_15' title='bbox 1037 457 1121 482; x_wconf 89' lang='lat' dir='ltr'><strong>sese</strong></span> <span class='ocrx_word' id='word_1_16' title='bbox 1138 445 1176 481; x_wconf 89' lang='lat' dir='ltr'><strong>in</strong></span> 
     </span>
     <span class='ocr_line' id='line_1_5' title="bbox 147 498 1178 554; baseline -0.001 -13"><span class='ocrx_word' id='word_1_17' title='bbox 147 506 271 541; x_wconf 84' lang='lat' dir='ltr'><strong>AEtnae</strong></span> <span class='ocrx_word' id='word_1_18' title='bbox 299 510 465 538; x_wconf 77' lang='lat' dir='ltr'><strong>crateres</strong></span> <span class='ocrx_word' id='word_1_19' title='bbox 496 500 678 554; x_wconf 85' lang='lat' dir='ltr'><strong>dejecisse</strong></span> <span class='ocrx_word' id='word_1_20' title='bbox 701 515 710 544; x_wconf 91' lang='lat'>;</span> <span class='ocrx_word' id='word_1_21' title='bbox 730 498 876 544; x_wconf 82' lang='grc' dir='ltr'>Τούτοις</span> <span class='ocrx_word' id='word_1_22' title='bbox 908 500 938 538; x_wconf 84' lang='grc' dir='ltr'><strong>δ’</strong></span> <span class='ocrx_word' id='word_1_23' title='bbox 963 502 1178 540; x_wconf 74' lang='grc' dir='ltr'>ἐναντιοῦται</span> 
     </span>
     <span class='ocr_line' id='line_1_6' title="bbox 148 557 1177 611; baseline 0 -13"><span class='ocrx_word' id='word_1_24' title='bbox 148 560 318 611; x_wconf 84' lang='grc' dir='ltr'>Τίμαιος,</span> <span class='ocrx_word' id='word_1_25' title='bbox 337 561 449 611; x_wconf 79' lang='grc' dir='ltr'>ῥητῶς</span> <span class='ocrx_word' id='word_1_26' title='bbox 474 557 601 609; x_wconf 82' lang='grc' dir='ltr'>λέγων,</span> <span class='ocrx_word' id='word_1_27' title='bbox 620 560 665 601; x_wconf 82' lang='grc' dir='ltr'>ὥς</span> <span class='ocrx_word' id='word_1_28' title='bbox 678 557 900 611; x_wconf 70' lang='grc' dir='ltr'>’ἐξεχώρησεν</span> <span class='ocrx_word' id='word_1_29' title='bbox 924 560 971 602; x_wconf 82' lang='grc' dir='ltr'><strong>εἷς</strong></span> <span class='ocrx_word' id='word_1_30' title='bbox 991 560 1177 598; x_wconf 80' lang='grc' dir='ltr'>Πελοπόν-</span> 
     </span>
     <span class='ocr_line' id='line_1_7' title="bbox 147 614 1178 666; baseline 0 -9"><span class='ocrx_word' id='word_1_31' title='bbox 147 634 266 666; x_wconf 82' lang='grc' dir='ltr'>νησον,</span> <span class='ocrx_word' id='word_1_32' title='bbox 280 617 339 655; x_wconf 82' lang='grc' dir='ltr'>καὶ</span> <span class='ocrx_word' id='word_1_33' title='bbox 355 616 396 654; x_wconf 85' lang='grc' dir='ltr'><strong>τὸ</strong></span> <span class='ocrx_word' id='word_1_34' title='bbox 412 615 554 655; x_wconf 80' lang='grc' dir='ltr'>σύνολον</span> <span class='ocrx_word' id='word_1_35' title='bbox 572 620 635 655; x_wconf 82' lang='grc' dir='ltr'><strong>οὐκ</strong></span> <span class='ocrx_word' id='word_1_36' title='bbox 646 617 853 664; x_wconf 77' lang='grc' dir='ltr'>ἐπανῆλθεν.</span> <span class='ocrx_word' id='word_1_37' title='bbox 867 614 972 656; x_wconf 68' lang='grc' dir='ltr'><strong>εὈθεν</strong></span> <span class='ocrx_word' id='word_1_38' title='bbox 993 619 1098 656; x_wconf 81' lang='grc' dir='ltr'>αὐτοῦ</span> <span class='ocrx_word' id='word_1_39' title='bbox 1117 634 1178 657; x_wconf 86' lang='grc' dir='ltr'><strong>και</strong></span> 
     </span>
     <span class='ocr_line' id='line_1_8' title="bbox 147 669 1175 731; baseline 0.002 -16"><span class='ocrx_word' id='word_1_40' title='bbox 147 676 210 724; x_wconf 82' lang='grc' dir='ltr'>τὴν</span> <span class='ocrx_word' id='word_1_41' title='bbox 231 675 395 722; x_wconf 85' lang='grc' dir='ltr'>τελευτὴν</span> <span class='ocrx_word' id='word_1_42' title='bbox 416 674 544 722; x_wconf 80' lang='grc' dir='ltr'>ἄδηλον</span> <span class='ocrx_word' id='word_1_43' title='bbox 564 669 663 713; x_wconf 65' lang='grc' dir='ltr'>εἶναι.</span> <span class='ocrx_word' id='word_1_44' title='bbox 689 675 784 729; x_wconf 84' lang='grc' dir='ltr'>Πρὸς</span> <span class='ocrx_word' id='word_1_45' title='bbox 803 675 839 714; x_wconf 76' lang='grc' dir='ltr'><strong>δὲ</strong></span> <span class='ocrx_word' id='word_1_46' title='bbox 855 676 913 715; x_wconf 83' lang='grc' dir='ltr'>τὸν</span> <span class='ocrx_word' id='word_1_47' title='bbox 941 676 1175 731; x_wconf 53' lang='grc' dir='ltr'>(Ηρακλείδην</span> 
     </span>
     <span class='ocr_line' id='line_1_9' title="bbox 146 732 1177 790; baseline 0.002 -17"><span class='ocrx_word' id='word_1_48' title='bbox 146 735 206 773; x_wconf 73' lang='grc' dir='ltr'>καὶ</span> <span class='ocrx_word' id='word_1_49' title='bbox 222 734 256 780; x_wconf 78' lang='grc' dir='ltr'><strong>ἐξ</strong></span> <span class='ocrx_word' id='word_1_50' title='bbox 274 734 443 786; x_wconf 84' lang='grc' dir='ltr'>ὀνόματος</span> <span class='ocrx_word' id='word_1_51' title='bbox 461 740 613 772; x_wconf 81' lang='grc' dir='ltr'>ποιεῖται</span> <span class='ocrx_word' id='word_1_52' title='bbox 631 732 695 781; x_wconf 84' lang='grc' dir='ltr'>τὴν</span> <span class='ocrx_word' id='word_1_53' title='bbox 714 734 916 788; x_wconf 72' lang='grc' dir='ltr'>ἀντίρρησιν</span> <span class='ocrx_word' id='word_1_54' title='bbox 935 737 970 774; x_wconf 80' lang='grc' dir='ltr'>ἐν</span> <span class='ocrx_word' id='word_1_55' title='bbox 987 739 1031 789; x_wconf 79' lang='grc' dir='ltr'><strong>τῇ</strong></span> <span class='ocrx_word' id='word_1_56' title='bbox 1048 737 1177 790; x_wconf 84' lang='grc' dir='ltr'>τετάρ-</span> 
     </span>
     <span class='ocr_line' id='line_1_10' title="bbox 146 794 1178 846; baseline 0.002 -14"><span class='ocrx_word' id='word_1_57' title='bbox 146 811 189 846; x_wconf 84' lang='grc' dir='ltr'><strong>τῃ</strong></span> <span class='ocrx_word' id='word_1_58' title='bbox 227 794 473 845; x_wconf 85' lang='lat' dir='ltr'><strong>(Heraclides,</strong></span> <span class='ocrx_word' id='word_1_59' title='bbox 490 802 532 831; x_wconf 92' lang='lat' dir='ltr'><strong>ut</strong></span> <span class='ocrx_word' id='word_1_60' title='bbox 551 794 663 844; x_wconf 75' lang='lat' dir='ltr'><strong>Diog.</strong></span> <span class='ocrx_word' id='word_1_61' title='bbox 681 796 785 842; x_wconf 84' lang='lat' dir='ltr'><strong>VIII,</strong></span> <span class='ocrx_word' id='word_1_62' title='bbox 804 796 852 842; x_wconf 91' lang='lat'><strong>67</strong></span> <span class='ocrx_word' id='word_1_63' title='bbox 874 795 981 843; x_wconf 85' lang='lat' dir='ltr'><strong>dicit,</strong></span> <span class='ocrx_word' id='word_1_64' title='bbox 998 810 1178 834; x_wconf 80' lang='lat' dir='ltr'><strong>narrave-</strong></span> 
     </span>
     <span class='ocr_line' id='line_1_11' title="bbox 147 853 1174 904; baseline 0.002 -13"><span class='ocrx_word' id='word_1_65' title='bbox 147 863 206 891; x_wconf 85' lang='lat' dir='ltr'><strong>rat</strong></span> <span class='ocrx_word' id='word_1_66' title='bbox 227 853 513 904; x_wconf 83' lang='lat' dir='ltr'><strong>Empedoclem,</strong></span> <span class='ocrx_word' id='word_1_67' title='bbox 531 861 733 904; x_wconf 84' lang='lat' dir='ltr'>postquam</span> <span class='ocrx_word' id='word_1_68' title='bbox 748 854 963 892; x_wconf 85' lang='lat' dir='ltr'><strong>exanimem</strong></span> <span class='ocrx_word' id='word_1_69' title='bbox 980 855 1174 893; x_wconf 86' lang='lat' dir='ltr'><strong>mulierem</strong></span> 
     </span>
     <span class='ocr_line' id='line_1_12' title="bbox 147 911 1176 963; baseline 0.001 -13"><span class='ocrx_word' id='word_1_70' title='bbox 147 913 236 950; x_wconf 86' lang='lat' dir='ltr'><strong>vitae</strong></span> <span class='ocrx_word' id='word_1_71' title='bbox 255 912 494 958; x_wconf 86' lang='lat' dir='ltr'><strong>restituisset,</strong></span> <span class='ocrx_word' id='word_1_72' title='bbox 515 911 658 948; x_wconf 83' lang='lat' dir='ltr'><strong>amicos</strong></span> <span class='ocrx_word' id='word_1_73' title='bbox 671 911 771 949; x_wconf 88' lang='lat' dir='ltr'><strong>inter</strong></span> <span class='ocrx_word' id='word_1_74' title='bbox 789 926 931 963; x_wconf 86' lang='lat' dir='ltr'><strong>eosque</strong></span> <span class='ocrx_word' id='word_1_75' title='bbox 950 915 1176 951; x_wconf 82' lang='lat' dir='ltr'>Pausaniam</span> 
     </span>
     <span class='ocr_line' id='line_1_13' title="bbox 148 970 1175 1021; baseline 0.002 -13"><span class='ocrx_word' id='word_1_76' title='bbox 148 984 306 1008; x_wconf 90' lang='lat' dir='ltr'><strong>convoc·</strong></span> <span class='ocrx_word' id='word_1_77' title='bbox 310 984 379 1008; x_wconf 74' lang='lat' dir='ltr'><strong>isse</strong></span> <span class='ocrx_word' id='word_1_78' title='bbox 402 978 518 1020; x_wconf 88' lang='lat' dir='ltr'><strong>atque</strong></span> <span class='ocrx_word' id='word_1_79' title='bbox 537 983 642 1007; x_wconf 81' lang='lat' dir='ltr'><strong>sacra</strong></span> <span class='ocrx_word' id='word_1_80' title='bbox 662 970 794 1007; x_wconf 86' lang='lat' dir='ltr'><strong>fecisse</strong></span> <span class='ocrx_word' id='word_1_81' title='bbox 818 970 921 1021; x_wconf 88' lang='lat' dir='ltr'><strong>apud</strong></span> <span class='ocrx_word' id='word_1_82' title='bbox 945 984 1079 1021; x_wconf 83' lang='lat' dir='ltr'><strong>agrum</strong></span> <span class='ocrx_word' id='word_1_83' title='bbox 1109 973 1175 1010; x_wconf 91' lang='lat' dir='ltr'><strong>Pi-</strong></span> 
     </span>
     <span class='ocr_line' id='line_1_14' title="bbox 148 1027 1177 1078; baseline 0 -11"><span class='ocrx_word' id='word_1_84' title='bbox 148 1030 337 1068; x_wconf 84' lang='lat' dir='ltr'><strong>sianactis.</strong></span> <span class='ocrx_word' id='word_1_85' title='bbox 371 1028 537 1066; x_wconf 82' lang='lat' dir='ltr'><strong>Peractis</strong></span> <span class='ocrx_word' id='word_1_86' title='bbox 573 1027 699 1078; x_wconf 87' lang='lat' dir='ltr'><strong>epulis</strong></span> <span class='ocrx_word' id='word_1_87' title='bbox 737 1029 915 1066; x_wconf 88' lang='lat' dir='ltr'><strong>convivas</strong></span> <span class='ocrx_word' id='word_1_88' title='bbox 961 1029 1177 1068; x_wconf 86' lang='lat' dir='ltr'><strong>d01miendi</strong></span> 
     </span>
    </p>
   </div>
   <div class='ocr_carea' id='block_1_4' title="bbox 1204 798 1210 1048">
    <p class='ocr_par' dir='ltr' id='par_1_4' title="bbox 1204 798 1210 1048">
     <span class='ocr_line' id='line_1_15' title="bbox 1204 798 1210 1048; baseline 0 2636"><span class='ocrx_word' id='word_1_89' title='bbox 1204 798 1210 1048; x_wconf 95' lang='lat' dir='ltr'><strong> </strong></span> 
     </span>
    </p>
   </div>
   <div class='ocr_carea' id='block_1_5' title="bbox 941 193 1466 235">
    <p class='ocr_par' dir='ltr' id='par_1_5' title="bbox 941 193 1466 235">
     <span class='ocr_line' id='line_1_16' title="bbox 941 193 1466 235; baseline 0.004 -4"><span class='ocrx_word' id='word_1_90' title='bbox 941 193 1108 232; x_wconf 87' lang='lat' dir='ltr'><strong>TIMAEI</strong></span> <span class='ocrx_word' id='word_1_91' title='bbox 1135 194 1466 235; x_wconf 85' lang='lat' dir='ltr'><strong>FRAGMENTA.</strong></span> 
     </span>
    </p>
   </div>
   <div class='ocr_carea' id='block_1_6' title="bbox 1288 283 2262 386">
    <p class='ocr_par' dir='ltr' id='par_1_6' title="bbox 1288 283 2262 386">
     <span class='ocr_line' id='line_1_17' title="bbox 1288 283 2262 386; baseline 0.005 -13"><span class='ocrx_word' id='word_1_92' title='bbox 1288 338 1413 375; x_wconf 88' lang='lat' dir='ltr'><strong>Tzetz.</strong></span> <span class='ocrx_word' id='word_1_93' title='bbox 1433 336 1482 373; x_wconf 92' lang='lat' dir='ltr'><strong>ad</strong></span> <span class='ocrx_word' id='word_1_94' title='bbox 1507 336 1697 386; x_wconf 89' lang='lat' dir='ltr'><strong>Lycophr.</strong></span> <span class='ocrx_word' id='word_1_95' title='bbox 1718 283 1833 383; x_wconf 46' lang='lat'>293²:</span> <span class='ocrx_word' id='word_1_96' title='bbox 1857 335 2008 386; x_wconf 87' lang='grc' dir='ltr'>Τίμαιος</span> <span class='ocrx_word' id='word_1_97' title='bbox 2037 340 2056 375; x_wconf 81' lang='grc' dir='ltr'><strong>ὁ</strong></span> <span class='ocrx_word' id='word_1_98' title='bbox 2081 339 2262 383; x_wconf 83' lang='grc' dir='ltr'>Σικελικός</span> 
     </span>
    </p>
   </div>
   <div class='ocr_carea' id='block_1_7' title="bbox 1235 393 2262 737">
    <p class='ocr_par' dir='ltr' id='par_1_7' title="bbox 1235 393 2262 623">
     <span class='ocr_line' id='line_1_18' title="bbox 1235 393 2260 448; baseline 0.003 -16"><span class='ocrx_word' id='word_1_99' title='bbox 1235 408 1344 445; x_wconf 83' lang='grc' dir='ltr'>φησι,</span> <span class='ocrx_word' id='word_1_100' title='bbox 1363 393 1544 445; x_wconf 84' lang='grc' dir='ltr'>Διότιμον,</span> <span class='ocrx_word' id='word_1_101' title='bbox 1565 393 1624 432; x_wconf 86' lang='grc' dir='ltr'>τὸν</span> <span class='ocrx_word' id='word_1_102' title='bbox 1653 393 1832 440; x_wconf 77' lang='grc' dir='ltr'>Ἀθηναῖον</span> <span class='ocrx_word' id='word_1_103' title='bbox 1850 393 2041 447; x_wconf 80' lang='grc' dir='ltr'>ναύαρχον,</span> <span class='ocrx_word' id='word_1_104' title='bbox 2061 397 2260 448; x_wconf 88' lang='grc' dir='ltr'>παραγενό-</span> 
     </span>
     <span class='ocr_line' id='line_1_19' title="bbox 1235 451 2261 508; baseline 0.003 -18"><span class='ocrx_word' id='word_1_105' title='bbox 1235 467 1338 503; x_wconf 86' lang='grc' dir='ltr'>μενον</span> <span class='ocrx_word' id='word_1_106' title='bbox 1359 453 1406 497; x_wconf 86' lang='grc' dir='ltr'><strong>εἷς</strong></span> <span class='ocrx_word' id='word_1_107' title='bbox 1434 452 1624 500; x_wconf 83' lang='grc' dir='ltr'>Νεάπολιν,</span> <span class='ocrx_word' id='word_1_108' title='bbox 1644 451 1738 490; x_wconf 79' lang='grc' dir='ltr'>κατὰ</span> <span class='ocrx_word' id='word_1_109' title='bbox 1755 452 1918 504; x_wconf 84' lang='grc' dir='ltr'>χρησμὸν</span> <span class='ocrx_word' id='word_1_110' title='bbox 1939 455 2040 492; x_wconf 83' lang='grc' dir='ltr'>θῦσαι</span> <span class='ocrx_word' id='word_1_111' title='bbox 2058 457 2100 504; x_wconf 78' lang='grc' dir='ltr'><strong>τῇ</strong></span> <span class='ocrx_word' id='word_1_112' title='bbox 2124 456 2261 508; x_wconf 84' lang='grc' dir='ltr'>Παρθε-</span> 
     </span>
     <span class='ocr_line' id='line_1_20' title="bbox 1235 509 2262 565; baseline 0.002 -17"><span class='ocrx_word' id='word_1_113' title='bbox 1235 509 1342 562; x_wconf 87' lang='grc' dir='ltr'>νόπῃ·</span> <span class='ocrx_word' id='word_1_114' title='bbox 1361 509 1420 549; x_wconf 83' lang='grc' dir='ltr'>καὶ</span> <span class='ocrx_word' id='word_1_115' title='bbox 1436 510 1563 565; x_wconf 80' lang='grc' dir='ltr'>δρόμον</span> <span class='ocrx_word' id='word_1_116' title='bbox 1583 525 1730 557; x_wconf 91' lang='grc' dir='ltr'>ποιησαι</span> <span class='ocrx_word' id='word_1_117' title='bbox 1744 510 1980 561; x_wconf 83' lang='grc' dir='ltr'>λαμπαδικὸν,</span> <span class='ocrx_word' id='word_1_118' title='bbox 1998 509 2102 564; x_wconf 75' lang='grc' dir='ltr'>ὅνπερ</span> <span class='ocrx_word' id='word_1_119' title='bbox 2118 513 2262 562; x_wconf 85' lang='grc' dir='ltr'>λαμπα-</span> 
     </span>
     <span class='ocr_line' id='line_1_21' title="bbox 1235 568 2262 623; baseline 0.002 -17"><span class='ocrx_word' id='word_1_120' title='bbox 1235 568 1359 607; x_wconf 82' lang='grc' dir='ltr'>δικὸν’</span> <span class='ocrx_word' id='word_1_121' title='bbox 1340 584 1459 620; x_wconf 89' lang='grc' dir='ltr'>αγωνα</span> <span class='ocrx_word' id='word_1_122' title='bbox 1475 569 1534 608; x_wconf 86' lang='grc' dir='ltr'>καὶ</span> <span class='ocrx_word' id='word_1_123' title='bbox 1545 568 1671 623; x_wconf 83' lang='grc' dir='ltr'>δρόμον</span> <span class='ocrx_word' id='word_1_124' title='bbox 1683 571 1714 606; x_wconf 81' lang='grc' dir='ltr'><strong>οἳ</strong></span> <span class='ocrx_word' id='word_1_125' title='bbox 1726 570 1967 608; x_wconf 82' lang='grc' dir='ltr'>Νεαπολῖται’</span> <span class='ocrx_word' id='word_1_126' title='bbox 1953 570 2060 617; x_wconf 82' lang='grc' dir='ltr'>ετησί</span> <span class='ocrx_word' id='word_1_127' title='bbox 2061 586 2098 613; x_wconf 77' lang='grc' dir='ltr'>υς</span> <span class='ocrx_word' id='word_1_128' title='bbox 2112 568 2262 608; x_wconf 82' lang='grc' dir='ltr'>ἐτελουν.</span> 
     </span>
    </p>

    <p class='ocr_par' dir='ltr' id='par_1_8' title="bbox 1235 622 2262 737">
     <span class='ocr_line' id='line_1_22' title="bbox 1238 622 2262 682; baseline 0.001 -17.05"><span class='ocrx_word' id='word_1_129' title='bbox 1238 627 1451 679; x_wconf 87' lang='grc' dir='ltr'>..Διότιμος</span> <span class='ocrx_word' id='word_1_130' title='bbox 1467 626 1504 666; x_wconf 79' lang='grc' dir='ltr'><strong>δὲ</strong></span> <span class='ocrx_word' id='word_1_131' title='bbox 1522 629 1569 671; x_wconf 87' lang='grc' dir='ltr'><strong>εἷς</strong></span> <span class='ocrx_word' id='word_1_132' title='bbox 1582 627 1759 667; x_wconf 84' lang='grc' dir='ltr'>Νεάπολιν</span> <span class='ocrx_word' id='word_1_133' title='bbox 1783 622 1901 676; x_wconf 54' lang='grc' dir='ltr'>ἢλθεν,</span> <span class='ocrx_word' id='word_1_134' title='bbox 1923 627 1979 666; x_wconf 81' lang='grc' dir='ltr'>ὅτε</span> <span class='ocrx_word' id='word_1_135' title='bbox 2004 627 2196 682; x_wconf 76' lang='grc' dir='ltr'>στρατηγὸς</span> <span class='ocrx_word' id='word_1_136' title='bbox 2213 626 2262 667; x_wconf 78' lang='grc' dir='ltr'>ὢν</span> 
     </span>
     <span class='ocr_line' id='line_1_23' title="bbox 1235 685 1968 737; baseline 0 -12"><span class='ocrx_word' id='word_1_137' title='bbox 1235 689 1303 725; x_wconf 83' lang='grc' dir='ltr'>τῶν</span> <span class='ocrx_word' id='word_1_138' title='bbox 1323 686 1512 734; x_wconf 83' lang='grc' dir='ltr'>Ἀθηναίων</span> <span class='ocrx_word' id='word_1_139' title='bbox 1532 685 1697 737; x_wconf 79' lang='grc' dir='ltr'>ἐπολέμει</span> <span class='ocrx_word' id='word_1_140' title='bbox 1711 692 1782 730; x_wconf 83' lang='grc' dir='ltr'>τοῖς</span> <span class='ocrx_word' id='word_1_141' title='bbox 1799 688 1968 730; x_wconf 83' lang='grc' dir='ltr'>Σικελοῖς.</span> 
     </span>
    </p>
   </div>
   <div class='ocr_carea' id='block_1_8' title="bbox 1679 755 1825 766">
    <p class='ocr_par' dir='ltr' id='par_1_9' title="bbox 1679 755 1825 766">
     <span class='ocr_line' id='line_1_24' title="bbox 1679 755 1825 766; baseline 0 0"><span class='ocrx_word' id='word_1_142' title='bbox 1679 755 1825 766; x_wconf 52' lang='lat'><strong>*-</strong></span> 
     </span>
    </p>
   </div>
   <div class='ocr_carea' id='block_1_9' title="bbox 1237 800 2262 1106">
    <p class='ocr_par' dir='ltr' id='par_1_10' title="bbox 1237 800 2261 1090">
     <span class='ocr_line' id='line_1_25' title="bbox 1597 800 1872 838; baseline -0.004 0"><span class='ocrx_word' id='word_1_143' title='bbox 1597 815 1606 825; x_wconf 92' lang='lat'>·</span> <span class='ocrx_word' id='word_1_144' title='bbox 1624 800 1776 838; x_wconf 86' lang='lat' dir='ltr'><strong>LIBER</strong></span> <span class='ocrx_word' id='word_1_145' title='bbox 1805 801 1872 838; x_wconf 90' lang='lat' dir='ltr'><strong>IX.</strong></span> 
     </span>
     <span class='ocr_line' id='line_1_26' title="bbox 1708 863 1794 902; baseline 0.023 -2"><span class='ocrx_word' id='word_1_146' title='bbox 1708 863 1794 902; x_wconf 88' lang='grc'><strong>100.</strong></span> 
     </span>
     <span class='ocr_line' id='line_1_27' title="bbox 1288 922 2260 973; baseline 0 -13"><span class='ocrx_word' id='word_1_147' title='bbox 1288 922 1478 973; x_wconf 87' lang='lat' dir='ltr'><strong>Porphyr.</strong></span> <span class='ocrx_word' id='word_1_148' title='bbox 1503 935 1562 972; x_wconf 85' lang='lat' dir='ltr'><strong>ap.</strong></span> <span class='ocrx_word' id='word_1_149' title='bbox 1583 922 1713 972; x_wconf 89' lang='lat' dir='ltr'><strong>Cyrill.</strong></span> <span class='ocrx_word' id='word_1_150' title='bbox 1726 925 1766 962; x_wconf 93' lang='lat' dir='ltr'><strong>C.</strong></span> <span class='ocrx_word' id='word_1_151' title='bbox 1786 922 1924 961; x_wconf 84' lang='lat' dir='ltr'><strong>Julian.</strong></span> <span class='ocrx_word' id='word_1_152' title='bbox 1944 926 2015 968; x_wconf 93' lang='lat' dir='ltr'><strong>VI,</strong></span> <span class='ocrx_word' id='word_1_153' title='bbox 2041 936 2078 972; x_wconf 88' lang='lat' dir='ltr'><strong>p.</strong></span> <span class='ocrx_word' id='word_1_154' title='bbox 2114 922 2202 968; x_wconf 86' lang='lat'><strong>208,</strong></span> <span class='ocrx_word' id='word_1_155' title='bbox 2217 925 2260 969; x_wconf 91' lang='lat' dir='ltr'><strong>B,</strong></span> 
     </span>
     <span class='ocr_line' id='line_1_28' title="bbox 1239 980 2261 1032; baseline -0.001 -14"><span class='ocrx_word' id='word_1_156' title='bbox 1239 989 1329 1018; x_wconf 87' lang='lat' dir='ltr'><strong>tom.</strong></span> <span class='ocrx_word' id='word_1_157' title='bbox 1344 984 1396 1019; x_wconf 90' lang='lat' dir='ltr'><strong>VI</strong></span> <span class='ocrx_word' id='word_1_158' title='bbox 1420 983 1523 1032; x_wconf 89' lang='lat' dir='ltr'><strong>Opp.</strong></span> <span class='ocrx_word' id='word_1_159' title='bbox 1554 980 1614 1018; x_wconf 91' lang='lat' dir='ltr'><strong>ed.</strong></span> <span class='ocrx_word' id='word_1_160' title='bbox 1633 980 1820 1018; x_wconf 46' lang='lat' dir='ltr'><strong>Aubertst</strong></span> <span class='ocrx_word' id='word_1_161' title='bbox 1840 981 1907 1018; x_wconf 93' lang='lat' dir='ltr'><strong>Vel</strong></span> <span class='ocrx_word' id='word_1_162' title='bbox 1928 981 2120 1018; x_wconf 86' lang='lat' dir='ltr'><strong>sordidam</strong></span> <span class='ocrx_word' id='word_1_163' title='bbox 2141 987 2261 1018; x_wconf 86' lang='lat' dir='ltr'><strong>artem</strong></span> 
     </span>
     <span class='ocr_line' id='line_1_29' title="bbox 1237 1039 2262 1106; baseline -0.001 -29"><span class='ocrx_word' id='word_1_164' title='bbox 1237 1053 1418 1077; x_wconf 84' lang='lat' dir='ltr'><strong>exercens</strong></span> <span class='ocrx_word' id='word_1_165' title='bbox 1439 1040 1476 1076; x_wconf 92' lang='lat' dir='ltr'><strong>in</strong></span> <span class='ocrx_word' id='word_1_166' title='bbox 1499 1039 1689 1105; x_wconf 63' lang='lat' dir='ltr'><strong>sapientiae</strong></span> <span class='ocrx_word' id='word_1_167' title='bbox 1705 1040 1902 1090; x_wconf 86' lang='lat' dir='ltr'><strong>praeceptis</strong></span> <span class='ocrx_word' id='word_1_168' title='bbox 1919 1040 2062 1090; x_wconf 80' lang='lat' dir='ltr'><strong>profic(</strong></span> <span class='ocrx_word' id='word_1_169' title='bbox 2066 1052 2106 1076; x_wconf 86' lang='lat' dir='ltr'><strong>re</strong></span> <span class='ocrx_word' id='word_1_170' title='bbox 2122 1047 2262 1106; x_wconf 90' lang='lat' dir='ltr'><strong>potest;</strong></span> 
     </span>
    </p>
   </div>
   <div class='ocr_carea' id='block_1_10' title="bbox 146 1086 2264 1494">
    <p class='ocr_par' dir='ltr' id='par_1_11' title="bbox 146 1086 2264 1494">
     <span class='ocr_line' id='line_1_30' title="bbox 148 1086 2263 1171; baseline -0.002 -46"><span class='ocrx_word' id='word_1_171' title='bbox 148 1101 261 1125; x_wconf 72' lang='lat' dir='ltr'>causa</span> <span class='ocrx_word' id='word_1_172' title='bbox 283 1086 514 1126; x_wconf 72' lang='lat' dir='ltr'><strong>recubuisse.</strong></span> <span class='ocrx_word' id='word_1_173' title='bbox 535 1089 679 1124; x_wconf 61' lang='lat' dir='ltr'>vesun]</span> <span class='ocrx_word' id='word_1_174' title='bbox 700 1099 810 1124; x_wconf 74' lang='lat' dir='ltr'><strong>mdne</strong></span> <span class='ocrx_word' id='word_1_175' title='bbox 830 1087 898 1124; x_wconf 69' lang='lat' dir='ltr'><strong>Ubi</strong></span> <span class='ocrx_word' id='word_1_176' title='bbox 910 1089 1176 1135; x_wconf 66' lang='lat' dir='ltr'><strong>SUI&#39;YGXISSGUI,</strong></span> <span class='ocrx_word' id='word_1_177' title='bbox 1205 1116 1209 1171; x_wconf 66' lang='grc' dir='ltr'>γ</span> <span class='ocrx_word' id='word_1_178' title='bbox 1235 1091 1455 1144; x_wconf 75' lang='grc' dir='ltr'>Δημιουργον</span> <span class='ocrx_word' id='word_1_179' title='bbox 1476 1091 1542 1144; x_wconf 78' lang='grc' dir='ltr'><strong>γὰρ</strong></span> <span class='ocrx_word' id='word_1_180' title='bbox 1567 1090 1726 1142; x_wconf 69' lang='grc' dir='ltr'>γενέσθαι</span> <span class='ocrx_word' id='word_1_181' title='bbox 1741 1107 1799 1130; x_wconf 73' lang='grc' dir='ltr'><strong>τον</strong></span> <span class='ocrx_word' id='word_1_182' title='bbox 1814 1091 2023 1144; x_wconf 67' lang='grc' dir='ltr'>Σωκράτην,</span> <span class='ocrx_word' id='word_1_183' title='bbox 2043 1090 2190 1145; x_wconf 75' lang='grc' dir='ltr'>πατρῴα</span> <span class='ocrx_word' id='word_1_184' title='bbox 2206 1090 2263 1129; x_wconf 75' lang='grc' dir='ltr'><strong>τέ..</strong></span> 
     </span>
     <span class='ocr_line' id='line_1_31' title="bbox 147 1145 2261 1207; baseline 0.002 -24"><span class='ocrx_word' id='word_1_185' title='bbox 147 1146 416 1207; x_wconf 79' lang='lat' dir='ltr'><strong>Empedoclem</strong></span> <span class='ocrx_word' id='word_1_186' title='bbox 429 1158 617 1195; x_wconf 87' lang='lat' dir='ltr'><strong>nusquam</strong></span> <span class='ocrx_word' id='word_1_187' title='bbox 629 1157 711 1182; x_wconf 89' lang='lat' dir='ltr'><strong>esse</strong></span> <span class='ocrx_word' id='word_1_188' title='bbox 729 1145 941 1192; x_wconf 88' lang='lat' dir='ltr'><strong>inventum,</strong></span> <span class='ocrx_word' id='word_1_189' title='bbox 951 1155 1022 1183; x_wconf 78' lang='lat' dir='ltr'><strong>etc.</strong></span> <span class='ocrx_word' id='word_1_190' title='bbox 1026 1146 1178 1198; x_wconf 88' lang='grc' dir='ltr'>),Συρα-</span> <span class='ocrx_word' id='word_1_191' title='bbox 1235 1166 1304 1203; x_wconf 78' lang='grc' dir='ltr'><strong>χνῃ</strong></span> <span class='ocrx_word' id='word_1_192' title='bbox 1326 1149 1507 1204; x_wconf 79' lang='grc' dir='ltr'>χρώμενον</span> <span class='ocrx_word' id='word_1_193' title='bbox 1526 1152 1570 1201; x_wconf 82' lang='grc' dir='ltr'><strong>τῇ</strong></span> <span class='ocrx_word' id='word_1_194' title='bbox 1586 1150 1762 1202; x_wconf 84' lang='grc' dir='ltr'>λατυπικῇ</span> <span class='ocrx_word' id='word_1_195' title='bbox 1779 1180 1789 1198; x_wconf 92' lang='grc'><em>,</em></span> <span class='ocrx_word' id='word_1_196' title='bbox 1811 1152 1864 1188; x_wconf 87' lang='lat' dir='ltr'><strong>ait</strong></span> <span class='ocrx_word' id='word_1_197' title='bbox 1888 1150 2077 1200; x_wconf 89' lang='lat' dir='ltr'><strong>Porphyr.</strong></span> <span class='ocrx_word' id='word_1_198' title='bbox 2104 1151 2143 1186; x_wconf 91' lang='lat' dir='ltr'><strong>in</strong></span> <span class='ocrx_word' id='word_1_199' title='bbox 2173 1150 2261 1188; x_wconf 82' lang='lat' dir='ltr'><strong>hist.</strong></span> 
     </span>
     <span class='ocr_line' id='line_1_32' title="bbox 146 1155 2262 1267; baseline 0 -25"><span class='ocrx_word' id='word_1_200' title='bbox 146 1202 285 1242; x_wconf 86' lang='grc' dir='ltr'>κούσιον</span> <span class='ocrx_word' id='word_1_201' title='bbox 303 1197 392 1241; x_wconf 85' lang='grc' dir='ltr'>εἰναι</span> <span class='ocrx_word' id='word_1_202' title='bbox 418 1201 476 1240; x_wconf 83' lang='grc' dir='ltr'>τὸν</span> <span class='ocrx_word' id='word_1_203' title='bbox 513 1201 774 1250; x_wconf 85' lang='grc' dir='ltr'>Πεισιάνακτα,</span> <span class='ocrx_word' id='word_1_204' title='bbox 794 1202 891 1240; x_wconf 73' lang='grc' dir='ltr'>καὶ’</span> <span class='ocrx_word' id='word_1_205' title='bbox 873 1202 977 1255; x_wconf 83' lang='grc' dir='ltr'>αγρὺν</span> <span class='ocrx_word' id='word_1_206' title='bbox 1001 1204 1065 1240; x_wconf 85' lang='grc' dir='ltr'><strong>οὐκ</strong></span> <span class='ocrx_word' id='word_1_207' title='bbox 1084 1201 1210 1267; x_wconf 84' lang='grc' dir='ltr'>ἔχειν</span> <span class='ocrx_word' id='word_1_208' title='bbox 1206 1155 1210 1231; x_wconf 67' lang='lat' dir='ltr'><strong>l</strong></span> <span class='ocrx_word' id='word_1_209' title='bbox 1236 1208 1372 1258; x_wconf 85' lang='lat' dir='ltr'><strong>philos.</strong></span> <span class='ocrx_word' id='word_1_210' title='bbox 1400 1208 1423 1244; x_wconf 97' lang='lat' dir='ltr'><strong>l</strong></span> <span class='ocrx_word' id='word_1_211' title='bbox 1447 1211 1523 1254; x_wconf 80' lang='grc' dir='ltr'><strong>ΠΙ,</strong></span> <span class='ocrx_word' id='word_1_212' title='bbox 1549 1206 1608 1244; x_wconf 80' lang='grc' dir='ltr'><strong>καὶ</strong></span> <span class='ocrx_word' id='word_1_213' title='bbox 1627 1207 1776 1258; x_wconf 79' lang='grc' dir='ltr'>Ἱίμαιος</span> <span class='ocrx_word' id='word_1_214' title='bbox 1805 1209 1840 1246; x_wconf 80' lang='grc' dir='ltr'>ἐν</span> <span class='ocrx_word' id='word_1_215' title='bbox 1857 1211 1900 1260; x_wconf 80' lang='grc' dir='ltr'><strong>τῇ</strong></span> <span class='ocrx_word' id='word_1_216' title='bbox 1921 1207 2046 1260; x_wconf 73' lang='grc' dir='ltr'>ἐννάτῃ</span> <span class='ocrx_word' id='word_1_217' title='bbox 2069 1209 2262 1261; x_wconf 82' lang='grc' dir='ltr'>λιθουργεῐν</span> 
     </span>
     <span class='ocr_line' id='line_1_33' title="bbox 148 1260 2264 1320; baseline 0 -19"><span class='ocrx_word' id='word_1_218' title='bbox 148 1264 184 1301; x_wconf 79' lang='grc' dir='ltr'>ἐν</span> <span class='ocrx_word' id='word_1_219' title='bbox 204 1262 424 1316; x_wconf 84' lang='grc' dir='ltr'>Ἀκράγαντι.</span> <span class='ocrx_word' id='word_1_220' title='bbox 452 1260 659 1299; x_wconf 85' lang='grc' dir='ltr'>Παυσανίαν</span> <span class='ocrx_word' id='word_1_221' title='bbox 690 1276 728 1298; x_wconf 88' lang='grc' dir='ltr'>τε</span> <span class='ocrx_word' id='word_1_222' title='bbox 756 1266 926 1311; x_wconf 81' lang='grc' dir='ltr'>μνημεῖον</span> <span class='ocrx_word' id='word_1_223' title='bbox 947 1261 1178 1307; x_wconf 85' lang='grc' dir='ltr'>πεποιηκέναι</span> <span class='ocrx_word' id='word_1_224' title='bbox 1235 1281 1322 1319; x_wconf 72' lang='grc' dir='ltr'>φησι</span> <span class='ocrx_word' id='word_1_225' title='bbox 1341 1265 1581 1317; x_wconf 74' lang='grc' dir='ltr'>μεμαθηκέναι</span> <span class='ocrx_word' id='word_1_226' title='bbox 1602 1267 1808 1320; x_wconf 73' lang='grc' dir='ltr'>Σωκράτην</span> <span class='ocrx_word' id='word_1_227' title='bbox 1829 1269 1875 1306; x_wconf 84' lang='grc' dir='ltr'><strong>Εἰ</strong></span> <span class='ocrx_word' id='word_1_228' title='bbox 1891 1267 1928 1305; x_wconf 82' lang='grc' dir='ltr'><strong>δὲ</strong></span> <span class='ocrx_word' id='word_1_229' title='bbox 1943 1271 1962 1306; x_wconf 84' lang='grc' dir='ltr'>ὁ</span> <span class='ocrx_word' id='word_1_230' title='bbox 1982 1267 2044 1318; x_wconf 78' lang='grc' dir='ltr'><strong>μὲν</strong></span> <span class='ocrx_word' id='word_1_231' title='bbox 2065 1267 2121 1306; x_wconf 74' lang='grc' dir='ltr'>διὰ</span> <span class='ocrx_word' id='word_1_232' title='bbox 2136 1267 2264 1319; x_wconf 81' lang='grc' dir='ltr'>δυσμέ-</span> 
     </span>
     <span class='ocr_line' id='line_1_34' title="bbox 148 1318 2262 1376; baseline 0.002 -17"><span class='ocrx_word' id='word_1_233' title='bbox 148 1321 222 1374; x_wconf 75' lang='grc' dir='ltr'>[ἂν]</span> <span class='ocrx_word' id='word_1_234' title='bbox 238 1336 299 1360; x_wconf 83' lang='grc' dir='ltr'><strong>του</strong></span> <span class='ocrx_word' id='word_1_235' title='bbox 319 1321 435 1375; x_wconf 74' lang='grc' dir='ltr'>φίλου,</span> <span class='ocrx_word' id='word_1_236' title='bbox 453 1319 610 1358; x_wconf 83' lang='grc' dir='ltr'>τοιούτου</span> <span class='ocrx_word' id='word_1_237' title='bbox 632 1318 847 1362; x_wconf 83' lang='grc' dir='ltr'>διαδοθέντος</span> <span class='ocrx_word' id='word_1_238' title='bbox 877 1319 1041 1370; x_wconf 81' lang='grc' dir='ltr'>λόγου,</span> <span class='ocrx_word' id='word_1_239' title='bbox 1022 1336 1044 1365; x_wconf 92' lang='grc' dir='ltr'><strong>η</strong></span> <span class='ocrx_word' id='word_1_240' title='bbox 1064 1320 1178 1370; x_wconf 82' lang='grc' dir='ltr'>ἀγαλ-</span> <span class='ocrx_word' id='word_1_241' title='bbox 1235 1340 1328 1362; x_wconf 82' lang='grc' dir='ltr'>νειαν</span> <span class='ocrx_word' id='word_1_242' title='bbox 1349 1324 1564 1373; x_wconf 82' lang='grc' dir='ltr'>ἀξιόπιστος,</span> <span class='ocrx_word' id='word_1_243' title='bbox 1581 1325 1730 1376; x_wconf 81' lang='grc' dir='ltr'>Τίμαιος</span> <span class='ocrx_word' id='word_1_244' title='bbox 1753 1326 1789 1363; x_wconf 82' lang='grc' dir='ltr'><strong>δὲ</strong></span> <span class='ocrx_word' id='word_1_245' title='bbox 1819 1325 1876 1363; x_wconf 81' lang='grc' dir='ltr'><strong>διὰ</strong></span> <span class='ocrx_word' id='word_1_246' title='bbox 1891 1327 2043 1372; x_wconf 81' lang='grc' dir='ltr'>ἠλικίαν.</span> <span class='ocrx_word' id='word_1_247' title='bbox 2067 1330 2262 1364; x_wconf 84' lang='lat' dir='ltr'><strong>Postrema</strong></span> 
     </span>
     <span class='ocr_line' id='line_1_35' title="bbox 149 1372 2262 1435; baseline 0.001 -15"><span class='ocrx_word' id='word_1_248' title='bbox 149 1380 276 1432; x_wconf 88' lang='grc' dir='ltr'>μάτιόν</span> <span class='ocrx_word' id='word_1_249' title='bbox 295 1396 330 1418; x_wconf 83' lang='grc' dir='ltr'><strong>τι</strong></span> <span class='ocrx_word' id='word_1_250' title='bbox 348 1379 371 1426; x_wconf 79' lang='grc' dir='ltr'>ἢ</span> <span class='ocrx_word' id='word_1_251' title='bbox 390 1378 498 1426; x_wconf 85' lang='grc' dir='ltr'>σηκὸν</span> <span class='ocrx_word' id='word_1_252' title='bbox 515 1381 571 1416; x_wconf 82' lang='grc' dir='ltr'><strong>οἵα</strong></span> <span class='ocrx_word' id='word_1_253' title='bbox 594 1381 695 1416; x_wconf 84' lang='grc' dir='ltr'>θεου·</span> <span class='ocrx_word' id='word_1_254' title='bbox 715 1377 776 1415; x_wconf 90' lang='grc' dir='ltr'><strong>και</strong></span> <span class='ocrx_word' id='word_1_255' title='bbox 801 1376 870 1429; x_wconf 83' lang='grc' dir='ltr'>γὰρ</span> <span class='ocrx_word' id='word_1_256' title='bbox 888 1378 1055 1416; x_wconf 81' lang='grc' dir='ltr'>πλούσιον</span> <span class='ocrx_word' id='word_1_257' title='bbox 1076 1372 1176 1417; x_wconf 74' lang='grc' dir='ltr'>εἶναι.</span> <span class='ocrx_word' id='word_1_258' title='bbox 1240 1383 1322 1420; x_wconf 80' lang='lat' dir='ltr'><strong>haec</strong></span> <span class='ocrx_word' id='word_1_259' title='bbox 1341 1383 1526 1420; x_wconf 88' lang='lat' dir='ltr'><strong>Goellerus</strong></span> <span class='ocrx_word' id='word_1_260' title='bbox 1545 1384 1828 1433; x_wconf 51' lang='lat' dir='ltr'><strong>transponenda</strong></span> <span class='ocrx_word' id='word_1_261' title='bbox 1847 1392 1956 1435; x_wconf 87' lang='lat' dir='ltr'><strong>putat</strong></span> <span class='ocrx_word' id='word_1_262' title='bbox 1969 1384 2043 1421; x_wconf 86' lang='lat' dir='ltr'><strong>ita·</strong></span> <span class='ocrx_word' id='word_1_263' title='bbox 2061 1385 2090 1422; x_wconf 82' lang='grc' dir='ltr'>εἰ</span> <span class='ocrx_word' id='word_1_264' title='bbox 2108 1383 2144 1422; x_wconf 83' lang='grc' dir='ltr'><strong>δὲ</strong></span> <span class='ocrx_word' id='word_1_265' title='bbox 2163 1387 2182 1423; x_wconf 87' lang='grc' dir='ltr'>ὁ</span> <span class='ocrx_word' id='word_1_266' title='bbox 2199 1383 2262 1435; x_wconf 84' lang='grc' dir='ltr'>μὲν</span> 
     </span>
     <span class='ocr_line' id='line_1_36' title="bbox 149 1435 2258 1494; baseline 0.001 -15"><span class='ocrx_word' id='word_1_267' title='bbox 149 1442 232 1482; x_wconf 83' lang='grc' dir='ltr'>Πῶς</span> <span class='ocrx_word' id='word_1_268' title='bbox 246 1442 319 1487; x_wconf 83' lang='grc' dir='ltr'>οὖν,</span> <span class='ocrx_word' id='word_1_269' title='bbox 339 1453 458 1491; x_wconf 86' lang='grc' dir='ltr'>φησιν,</span> <span class='ocrx_word' id='word_1_270' title='bbox 479 1439 526 1480; x_wconf 84' lang='grc' dir='ltr'>εἷς</span> <span class='ocrx_word' id='word_1_271' title='bbox 544 1435 623 1480; x_wconf 77' lang='grc' dir='ltr'>τους</span> <span class='ocrx_word' id='word_1_272' title='bbox 640 1438 816 1490; x_wconf 61' lang='grc' dir='ltr'>κρατῆρας</span> <span class='ocrx_word' id='word_1_273' title='bbox 835 1436 968 1485; x_wconf 78' lang='grc' dir='ltr'>ἥλατο,</span> <span class='ocrx_word' id='word_1_274' title='bbox 987 1439 1034 1474; x_wconf 78' lang='grc' dir='ltr'>ὧν</span> <span class='ocrx_word' id='word_1_275' title='bbox 1053 1436 1178 1488; x_wconf 71' lang='grc' dir='ltr'>σῦνεγ-</span> <span class='ocrx_word' id='word_1_276' title='bbox 1236 1441 1292 1479; x_wconf 84' lang='grc' dir='ltr'><strong>διὰ</strong></span> <span class='ocrx_word' id='word_1_277' title='bbox 1310 1439 1450 1487; x_wconf 84' lang='grc' dir='ltr'>ἡλικίαν</span> <span class='ocrx_word' id='word_1_278' title='bbox 1469 1440 1684 1491; x_wconf 81' lang='grc' dir='ltr'>ἀξιόπιστος,</span> <span class='ocrx_word' id='word_1_279' title='bbox 1708 1442 1858 1494; x_wconf 84' lang='grc' dir='ltr'>Τίμαιος</span> <span class='ocrx_word' id='word_1_280' title='bbox 1892 1441 1929 1480; x_wconf 79' lang='grc' dir='ltr'><strong>δὲ</strong></span> <span class='ocrx_word' id='word_1_281' title='bbox 1954 1443 2011 1481; x_wconf 84' lang='grc' dir='ltr'><strong>διὰ</strong></span> <span class='ocrx_word' id='word_1_282' title='bbox 2043 1442 2258 1494; x_wconf 88' lang='grc' dir='ltr'>δυσμενειαν.</span> 
     </span>
    </p>
   </div>
   <div class='ocr_carea' id='block_1_11' title="bbox 147 1493 2088 1553">
    <p class='ocr_par' dir='ltr' id='par_1_12' title="bbox 147 1493 2088 1553">
     <span class='ocr_line' id='line_1_37' title="bbox 147 1493 2088 1553; baseline -0.002 -17"><span class='ocrx_word' id='word_1_283' title='bbox 147 1513 207 1549; x_wconf 90' lang='grc' dir='ltr'>γυς</span> <span class='ocrx_word' id='word_1_284' title='bbox 226 1497 334 1535; x_wconf 83' lang='grc' dir='ltr'>ὄντων</span> <span class='ocrx_word' id='word_1_285' title='bbox 356 1494 434 1534; x_wconf 80' lang='grc' dir='ltr'>οὐδὲ</span> <span class='ocrx_word' id='word_1_286' title='bbox 455 1494 576 1546; x_wconf 84' lang='grc' dir='ltr'>μνείαν</span> <span class='ocrx_word' id='word_1_287' title='bbox 595 1494 680 1532; x_wconf 82' lang='grc' dir='ltr'>ποτὲ</span> <span class='ocrx_word' id='word_1_288' title='bbox 695 1493 896 1543; x_wconf 82' lang='grc' dir='ltr'>ἐπεποίητο;</span> <span class='ocrx_word' id='word_1_289' title='bbox 918 1494 1176 1543; x_wconf 79' lang='grc' dir='ltr'>Ιετελεύτηκεν</span> <span class='ocrx_word' id='word_1_290' title='bbox 1207 1516 1212 1553; x_wconf 62' lang='lat'><strong>¹</strong></span> <span class='ocrx_word' id='word_1_291' title='bbox 1237 1504 1413 1538; x_wconf 82' lang='lat' dir='ltr'><strong>F01tasse</strong></span> <span class='ocrx_word' id='word_1_292' title='bbox 1438 1501 1575 1539; x_wconf 78' lang='lat' dir='ltr'><strong>rectius</strong></span> <span class='ocrx_word' id='word_1_293' title='bbox 1599 1502 1679 1539; x_wconf 77' lang='lat' dir='ltr'><strong>haec</strong></span> <span class='ocrx_word' id='word_1_294' title='bbox 1702 1503 1750 1540; x_wconf 80' lang='lat' dir='ltr'><strong>ad</strong></span> <span class='ocrx_word' id='word_1_295' title='bbox 1773 1515 1919 1540; x_wconf 84' lang='lat' dir='ltr'><strong>nonum</strong></span> <span class='ocrx_word' id='word_1_296' title='bbox 1945 1501 2088 1540; x_wconf 78' lang='lat' dir='ltr'><strong>librum</strong></span> 
     </span>
    </p>
   </div>
   <div class='ocr_carea' id='block_1_12' title="bbox 147 1551 1180 2020">
    <p class='ocr_par' dir='ltr' id='par_1_13' title="bbox 147 1551 1178 1902">
     <span class='ocr_line' id='line_1_38' title="bbox 147 1551 1178 1608; baseline -0.002 -14"><span class='ocrx_word' id='word_1_297' title='bbox 147 1560 205 1594; x_wconf 84' lang='grc' dir='ltr'><strong>οὐν</strong></span> <span class='ocrx_word' id='word_1_298' title='bbox 221 1557 256 1594; x_wconf 79' lang='grc' dir='ltr'>ἐν</span> <span class='ocrx_word' id='word_1_299' title='bbox 274 1553 544 1607; x_wconf 81' lang='grc' dir='ltr'>Πελοποννήσῳ.</span> <span class='ocrx_word' id='word_1_300' title='bbox 561 1552 673 1592; x_wconf 82' lang='grc' dir='ltr'>Οὐδὲν</span> <span class='ocrx_word' id='word_1_301' title='bbox 688 1551 725 1591; x_wconf 82' lang='grc' dir='ltr'><strong>δὲ</strong></span> <span class='ocrx_word' id='word_1_302' title='bbox 742 1553 936 1607; x_wconf 83' lang='grc' dir='ltr'>παράδοξον</span> <span class='ocrx_word' id='word_1_303' title='bbox 947 1553 1056 1608; x_wconf 73' lang='grc' dir='ltr'>τάφον</span> <span class='ocrx_word' id='word_1_304' title='bbox 1073 1555 1178 1593; x_wconf 78' lang='grc' dir='ltr'>αὐτοῦ</span> 
     </span>
     <span class='ocr_line' id='line_1_39' title="bbox 148 1611 1178 1668; baseline -0.002 -15"><span class='ocrx_word' id='word_1_305' title='bbox 148 1614 198 1665; x_wconf 85' lang='grc' dir='ltr'><strong>μὴ</strong></span> <span class='ocrx_word' id='word_1_306' title='bbox 215 1614 418 1668; x_wconf 79' lang='grc' dir='ltr'>φαίνεσθαι·</span> <span class='ocrx_word' id='word_1_307' title='bbox 439 1612 528 1664; x_wconf 87' lang='grc' dir='ltr'>μηδὲ</span> <span class='ocrx_word' id='word_1_308' title='bbox 544 1611 612 1666; x_wconf 82' lang='grc' dir='ltr'>γὰρ</span> <span class='ocrx_word' id='word_1_309' title='bbox 627 1611 743 1651; x_wconf 84' lang='grc' dir='ltr'>ἄλλων</span> <span class='ocrx_word' id='word_1_310' title='bbox 759 1613 913 1651; x_wconf 84' lang='grc' dir='ltr'>πολλῶν,</span> <span class='ocrx_word' id='word_1_311' title='bbox 930 1612 1088 1651; x_wconf 59' lang='lat' dir='ltr'><strong>&#39;tomo-eoi</strong></span> <span class='ocrx_word' id='word_1_312' title='bbox 1102 1629 1178 1651; x_wconf 87' lang='grc' dir='ltr'>τινα</span> 
     </span>
     <span class='ocr_line' id='line_1_40' title="bbox 147 1670 1178 1725; baseline -0.003 -13"><span class='ocrx_word' id='word_1_313' title='bbox 147 1672 254 1712; x_wconf 82' lang='grc' dir='ltr'>εἰπὼν</span> <span class='ocrx_word' id='word_1_314' title='bbox 273 1676 290 1711; x_wconf 87' lang='grc' dir='ltr'>ὁ</span> <span class='ocrx_word' id='word_1_315' title='bbox 309 1672 463 1723; x_wconf 88' lang='grc' dir='ltr'>Τίμαιος</span> <span class='ocrx_word' id='word_1_316' title='bbox 501 1670 675 1725; x_wconf 81' lang='grc' dir='ltr'>ἐπιφερει·</span> <span class='ocrx_word' id='word_1_317' title='bbox 698 1670 803 1710; x_wconf 83' lang='grc' dir='ltr'>Ἀλλὰ</span> <span class='ocrx_word' id='word_1_318' title='bbox 837 1670 893 1709; x_wconf 84' lang='grc' dir='ltr'><strong>διὰ</strong></span> <span class='ocrx_word' id='word_1_319' title='bbox 929 1671 1057 1715; x_wconf 87' lang='grc' dir='ltr'>παντὸς</span> <span class='ocrx_word' id='word_1_320' title='bbox 1086 1671 1178 1709; x_wconf 78' lang='grc' dir='ltr'>ἐστὶν</span> 
     </span>
     <span class='ocr_line' id='line_1_41' title="bbox 148 1729 1178 1786; baseline -0.003 -15"><span class='ocrx_word' id='word_1_321' title='bbox 148 1731 382 1786; x_wconf 83' lang='grc' dir='ltr'>Ἡρακλείδης</span> <span class='ocrx_word' id='word_1_322' title='bbox 411 1734 567 1773; x_wconf 78' lang='grc' dir='ltr'>τοιοῦτος</span> <span class='ocrx_word' id='word_1_323' title='bbox 586 1729 864 1783; x_wconf 86' lang='grc' dir='ltr'>παραδοξολόγος</span> <span class='ocrx_word' id='word_1_324' title='bbox 876 1760 886 1779; x_wconf 86' lang='grc'>,</span> <span class='ocrx_word' id='word_1_325' title='bbox 903 1730 961 1768; x_wconf 83' lang='grc' dir='ltr'>καὶ</span> <span class='ocrx_word' id='word_1_326' title='bbox 981 1731 1020 1768; x_wconf 81' lang='grc' dir='ltr'><strong>ἐκ</strong></span> <span class='ocrx_word' id='word_1_327' title='bbox 1037 1732 1099 1776; x_wconf 77' lang='grc' dir='ltr'>τῆς</span> <span class='ocrx_word' id='word_1_328' title='bbox 1117 1745 1178 1768; x_wconf 86' lang='grc' dir='ltr'>σε-</span> 
     </span>
     <span class='ocr_line' id='line_1_42' title="bbox 147 1787 1178 1842; baseline -0.004 -12"><span class='ocrx_word' id='word_1_329' title='bbox 147 1791 255 1838; x_wconf 82' lang='grc' dir='ltr'>λήνης</span> <span class='ocrx_word' id='word_1_330' title='bbox 271 1788 496 1828; x_wconf 84' lang='grc' dir='ltr'>πεπτωκέναι</span> <span class='ocrx_word' id='word_1_331' title='bbox 516 1788 698 1842; x_wconf 83' lang='grc' dir='ltr'>ἄνθρωπον</span> <span class='ocrx_word' id='word_1_332' title='bbox 715 1787 838 1839; x_wconf 84' lang='grc' dir='ltr'>λέγων.</span> <span class='ocrx_word' id='word_1_333' title='bbox 860 1789 909 1826; x_wconf 85' lang='lat' dir='ltr'><strong>cf.</strong></span> <span class='ocrx_word' id='word_1_334' title='bbox 925 1792 1101 1826; x_wconf 81' lang='lat' dir='ltr'><strong>Karsten.</strong></span> <span class='ocrx_word' id='word_1_335' title='bbox 1121 1791 1178 1826; x_wconf 89' lang='lat' dir='ltr'><strong>De</strong></span> 
     </span>
     <span class='ocr_line' id='line_1_43' title="bbox 149 1851 517 1902; baseline -0.008 -12"><span class='ocrx_word' id='word_1_336' title='bbox 149 1851 371 1902; x_wconf 87' lang='lat' dir='ltr'><strong>Empedocl.</strong></span> <span class='ocrx_word' id='word_1_337' title='bbox 394 1864 432 1901; x_wconf 91' lang='lat' dir='ltr'><strong>p.</strong></span> <span class='ocrx_word' id='word_1_338' title='bbox 456 1851 517 1887; x_wconf 79' lang='lat'><strong>35.</strong></span> 
     </span>
    </p>

    <p class='ocr_par' dir='ltr' id='par_1_14' title="bbox 149 1908 1180 2020">
     <span class='ocr_line' id='line_1_44' title="bbox 203 1908 1177 1959; baseline -0.002 -12"><span class='ocrx_word' id='word_1_339' title='bbox 203 1915 295 1958; x_wconf 82' lang='lat' dir='ltr'><strong>Quae</strong></span> <span class='ocrx_word' id='word_1_340' title='bbox 318 1909 433 1959; x_wconf 87' lang='lat' dir='ltr'><strong>hujus</strong></span> <span class='ocrx_word' id='word_1_341' title='bbox 451 1909 571 1959; x_wconf 77' lang='lat' dir='ltr'><strong>partis</strong></span> <span class='ocrx_word' id='word_1_342' title='bbox 589 1908 690 1945; x_wconf 90' lang='lat' dir='ltr'><strong>libro</strong></span> <span class='ocrx_word' id='word_1_343' title='bbox 705 1917 844 1959; x_wconf 90' lang='lat' dir='ltr'><strong>quarto</strong></span> <span class='ocrx_word' id='word_1_344' title='bbox 863 1908 1072 1958; x_wconf 84' lang='lat' dir='ltr'><strong>assignavi,</strong></span> <span class='ocrx_word' id='word_1_345' title='bbox 1097 1916 1177 1945; x_wconf 92' lang='lat' dir='ltr'><strong>tum</strong></span> 
     </span>
     <span class='ocr_line' id='line_1_45' title="bbox 149 1966 1180 2020; baseline -0.003 -13"><span class='ocrx_word' id='word_1_346' title='bbox 149 1969 257 2020; x_wconf 90' lang='lat' dir='ltr'><strong>quod</strong></span> <span class='ocrx_word' id='word_1_347' title='bbox 274 1969 346 2005; x_wconf 79' lang='lat' dir='ltr'><strong>lioc</strong></span> <span class='ocrx_word' id='word_1_348' title='bbox 366 1968 445 2006; x_wconf 87' lang='lat' dir='ltr'><strong>fere</strong></span> <span class='ocrx_word' id='word_1_349' title='bbox 466 1977 639 2017; x_wconf 87' lang='lat' dir='ltr'><strong>tempore</strong></span> <span class='ocrx_word' id='word_1_350' title='bbox 669 1967 922 2017; x_wconf 89' lang='lat' dir='ltr'><strong>Empedocles</strong></span> <span class='ocrx_word' id='word_1_351' title='bbox 942 1967 1020 2003; x_wconf 89' lang='lat' dir='ltr'><strong>vita</strong></span> <span class='ocrx_word' id='word_1_352' title='bbox 1040 1966 1180 2004; x_wconf 83' lang='lat' dir='ltr'><strong>defun-</strong></span> 
     </span>
    </p>
   </div>
   <div class='ocr_carea' id='block_1_13' title="bbox 1207 1554 1212 1654">
    <p class='ocr_par' dir='ltr' id='par_1_15' title="bbox 1207 1554 1212 1654">
     <span class='ocr_line' id='line_1_46' title="bbox 1207 1554 1212 1654; baseline 0 2030"><span class='ocrx_word' id='word_1_353' title='bbox 1207 1554 1212 1654; x_wconf 95' lang='lat' dir='ltr'><strong> </strong></span> 
     </span>
    </p>
   </div>
   <div class='ocr_carea' id='block_1_14' title="bbox 1234 1504 2263 2019">
    <p class='ocr_par' dir='ltr' id='par_1_16' title="bbox 1235 1504 2263 1716">
     <span class='ocr_line' id='line_1_47' title="bbox 2151 1504 2263 1542; baseline 0.009 -2"><span class='ocrx_word' id='word_1_354' title='bbox 2151 1504 2263 1542; x_wconf 80' lang='lat' dir='ltr'><strong>moris</strong></span> 
     </span>
     <span class='ocr_line' id='line_1_48' title="bbox 1236 1516 2261 1611; baseline 0.005 -16"><span class='ocrx_word' id='word_1_355' title='bbox 1236 1559 1355 1609; x_wconf 88' lang='lat' dir='ltr'><strong>partis</strong></span> <span class='ocrx_word' id='word_1_356' title='bbox 1376 1559 1566 1603; x_wconf 85' lang='lat' dir='ltr'><strong>retuleris,</strong></span> <span class='ocrx_word' id='word_1_357' title='bbox 1594 1559 1661 1597; x_wconf 89' lang='lat' dir='ltr'><strong>ubi</strong></span> <span class='ocrx_word' id='word_1_358' title='bbox 1687 1561 1733 1598; x_wconf 90' lang='lat' dir='ltr'><strong>de</strong></span> <span class='ocrx_word' id='word_1_359' title='bbox 1751 1560 1982 1611; x_wconf 84' lang='lat' dir='ltr'><strong>Pythagora,</strong></span> <span class='ocrx_word' id='word_1_360' title='bbox 1997 1516 2203 1599; x_wconf 40' lang='lat' dir='ltr'><strong>Aristoeele</strong></span> <span class='ocrx_word' id='word_1_361' title='bbox 2226 1569 2261 1600; x_wconf 76' lang='lat' dir='ltr'><strong>et</strong></span> 
     </span>
     <span class='ocr_line' id='line_1_49' title="bbox 1235 1617 2103 1668; baseline 0.003 -14"><span class='ocrx_word' id='word_1_362' title='bbox 1235 1618 1317 1654; x_wconf 84' lang='lat' dir='ltr'><strong>aliis</strong></span> <span class='ocrx_word' id='word_1_363' title='bbox 1336 1617 1577 1668; x_wconf 85' lang='lat' dir='ltr'><strong>philosophis</strong></span> <span class='ocrx_word' id='word_1_364' title='bbox 1591 1620 1710 1656; x_wconf 90' lang='lat' dir='ltr'><strong>multa</strong></span> <span class='ocrx_word' id='word_1_365' title='bbox 1724 1619 1889 1657; x_wconf 82' lang='lat' dir='ltr'><strong>Timaeus</strong></span> <span class='ocrx_word' id='word_1_366' title='bbox 1914 1619 2103 1657; x_wconf 84' lang='lat' dir='ltr'><strong>disseruit.</strong></span> 
     </span>
     <span class='ocr_line' id='line_1_50' title="bbox 1708 1677 1796 1716; baseline 0.034 -3"><span class='ocrx_word' id='word_1_367' title='bbox 1708 1677 1796 1716; x_wconf 90' lang='lat'><strong>101.</strong></span> 
     </span>
    </p>

    <p class='ocr_par' dir='ltr' id='par_1_17' title="bbox 1234 1735 2260 2019">
     <span class='ocr_line' id='line_1_51' title="bbox 1289 1735 2257 1785; baseline 0.002 -14"><span class='ocrx_word' id='word_1_368' title='bbox 1289 1735 1439 1772; x_wconf 90' lang='lat' dir='ltr'><strong>Cornel.</strong></span> <span class='ocrx_word' id='word_1_369' title='bbox 1466 1738 1564 1785; x_wconf 85' lang='lat' dir='ltr'><strong>Nep.</strong></span> <span class='ocrx_word' id='word_1_370' title='bbox 1588 1736 1667 1773; x_wconf 87' lang='lat' dir='ltr'><strong>Vit.</strong></span> <span class='ocrx_word' id='word_1_371' title='bbox 1688 1735 1874 1773; x_wconf 89' lang='lat' dir='ltr'><strong>Alcibiad.</strong></span> <span class='ocrx_word' id='word_1_372' title='bbox 1895 1750 1925 1773; x_wconf 89' lang='lat' dir='ltr'><strong>c.</strong></span> <span class='ocrx_word' id='word_1_373' title='bbox 1946 1737 2015 1774; x_wconf 91' lang='lat' dir='ltr'><strong>ult.</strong></span> <span class='ocrx_word' id='word_1_374' title='bbox 2033 1751 2040 1773; x_wconf 93' lang='lat'>:</span> <span class='ocrx_word' id='word_1_375' title='bbox 2068 1739 2178 1773; x_wconf 74' lang='lat' dir='ltr'><strong>Hanc</strong></span> <span class='ocrx_word' id='word_1_376' title='bbox 2193 1735 2257 1776; x_wconf 83' lang='lat' dir='ltr'><strong>(sc.</strong></span> 
     </span>
     <span class='ocr_line' id='line_1_52' title="bbox 1236 1792 2260 1845; baseline 0.001 -15"><span class='ocrx_word' id='word_1_377' title='bbox 1236 1792 1491 1844; x_wconf 85' lang='lat' dir='ltr'><strong>Alcibiadem)</strong></span> <span class='ocrx_word' id='word_1_378' title='bbox 1514 1798 1550 1830; x_wconf 83' lang='lat' dir='ltr'><strong>in</strong></span> <span class='ocrx_word' id='word_1_379' title='bbox 1545 1792 1735 1842; x_wconf 82' lang='lat' dir='ltr'><strong>famatum</strong></span> <span class='ocrx_word' id='word_1_380' title='bbox 1748 1808 1772 1830; x_wconf 83' lang='lat' dir='ltr'><strong>a</strong></span> <span class='ocrx_word' id='word_1_381' title='bbox 1778 1797 1963 1844; x_wconf 81' lang='lat' dir='ltr'><strong>plerisque</strong></span> <span class='ocrx_word' id='word_1_382' title='bbox 1980 1804 2052 1832; x_wconf 80' lang='lat' dir='ltr'><strong>tres</strong></span> <span class='ocrx_word' id='word_1_383' title='bbox 2064 1798 2260 1845; x_wconf 77' lang='lat' dir='ltr'><strong>gravissimi</strong></span> 
     </span>
     <span class='ocr_line' id='line_1_53' title="bbox 1234 1853 2257 1901; baseline 0.001 -12"><span class='ocrx_word' id='word_1_384' title='bbox 1234 1854 1391 1890; x_wconf 79' lang='lat' dir='ltr'><strong>historici</strong></span> <span class='ocrx_word' id='word_1_385' title='bbox 1416 1858 1566 1889; x_wconf 74' lang='lat' dir='ltr'><strong>summis</strong></span> <span class='ocrx_word' id='word_1_386' title='bbox 1585 1853 1749 1890; x_wconf 78' lang='lat' dir='ltr'><strong>laudibus</strong></span> <span class='ocrx_word' id='word_1_387' title='bbox 1766 1856 2000 1890; x_wconf 71' lang='lat' dir='ltr'><strong>extulerunt:</strong></span> <span class='ocrx_word' id='word_1_388' title='bbox 2026 1854 2257 1901; x_wconf 63' lang='lat' dir='ltr'><strong>Ulucydides,</strong></span> 
     </span>
     <span class='ocr_line' id='line_1_54' title="bbox 1234 1909 2259 1962; baseline -0.002 -14"><span class='ocrx_word' id='word_1_389' title='bbox 1234 1917 1297 1960; x_wconf 74' lang='lat' dir='ltr'><strong>qai</strong></span> <span class='ocrx_word' id='word_1_390' title='bbox 1308 1914 1470 1960; x_wconf 81' lang='lat' dir='ltr'><strong>ejusdem</strong></span> <span class='ocrx_word' id='word_1_391' title='bbox 1485 1910 1693 1960; x_wconf 75' lang='lat' dir='ltr'><strong>oetatis·fuit</strong></span> <span class='ocrx_word' id='word_1_392' title='bbox 1707 1926 1719 1948; x_wconf 90' lang='lat'><em>:</em></span> <span class='ocrx_word' id='word_1_393' title='bbox 1743 1913 2003 1962; x_wconf 74' lang='lat' dir='ltr'><strong>Theopompus,</strong></span> <span class='ocrx_word' id='word_1_394' title='bbox 2020 1916 2083 1961; x_wconf 79' lang='lat' dir='ltr'><strong>qui</strong></span> <span class='ocrx_word' id='word_1_395' title='bbox 2092 1909 2173 1961; x_wconf 80' lang='lat' dir='ltr'><strong>fuit</strong></span> <span class='ocrx_word' id='word_1_396' title='bbox 2177 1921 2259 1962; x_wconf 83' lang='lat' dir='ltr'><strong>post</strong></span> 
     </span>
     <span class='ocr_line' id='line_1_55' title="bbox 1235 1972 2258 2019; baseline 0.001 -13"><span class='ocrx_word' id='word_1_397' title='bbox 1235 1974 1424 2019; x_wconf 74' lang='lat' dir='ltr'><strong>aliquanto</strong></span> <span class='ocrx_word' id='word_1_398' title='bbox 1448 1980 1581 2007; x_wconf 79' lang='lat' dir='ltr'><strong>natus:</strong></span> <span class='ocrx_word' id='word_1_399' title='bbox 1596 1979 1634 2006; x_wconf 83' lang='lat' dir='ltr'><strong>et</strong></span> <span class='ocrx_word' id='word_1_400' title='bbox 1659 1973 1829 2016; x_wconf 65' lang='lat' dir='ltr'><strong>Timaeus,</strong></span> <span class='ocrx_word' id='word_1_401' title='bbox 1847 1974 1910 2019; x_wconf 77' lang='lat' dir='ltr'><strong>qui</strong></span> <span class='ocrx_word' id='word_1_402' title='bbox 1933 1972 2076 2019; x_wconf 79' lang='lat' dir='ltr'><strong>quidem</strong></span> <span class='ocrx_word' id='word_1_403' title='bbox 2096 1973 2167 2007; x_wconf 77' lang='lat' dir='ltr'><strong>duo</strong></span> <span class='ocrx_word' id='word_1_404' title='bbox 2180 1985 2258 2007; x_wconf 60' lang='lat' dir='ltr'><strong>ma»</strong></span> 
     </span>
    </p>
   </div>
   <div class='ocr_carea' id='block_1_15' title="bbox 149 2025 2264 2143">
    <p class='ocr_par' dir='ltr' id='par_1_18' title="bbox 149 2025 2264 2143">
     <span class='ocr_line' id='line_1_56' title="bbox 149 2025 2264 2077; baseline -0 -11"><span class='ocrx_word' id='word_1_405' title='bbox 149 2037 232 2067; x_wconf 88' lang='lat' dir='ltr'><strong>ctus</strong></span> <span class='ocrx_word' id='word_1_406' title='bbox 252 2037 323 2075; x_wconf 87' lang='lat' dir='ltr'><strong>est,</strong></span> <span class='ocrx_word' id='word_1_407' title='bbox 350 2036 430 2065; x_wconf 91' lang='lat' dir='ltr'><strong>tum</strong></span> <span class='ocrx_word' id='word_1_408' title='bbox 455 2026 559 2077; x_wconf 91' lang='lat' dir='ltr'><strong>quod</strong></span> <span class='ocrx_word' id='word_1_409' title='bbox 585 2026 864 2064; x_wconf 89' lang='lat' dir='ltr'><strong>Leontinorum</strong></span> <span class='ocrx_word' id='word_1_410' title='bbox 890 2025 980 2063; x_wconf 86' lang='lat' dir='ltr'><strong>belli</strong></span> <span class='ocrx_word' id='word_1_411' title='bbox 1011 2039 1080 2062; x_wconf 83' lang='lat' dir='ltr'><strong>nal</strong></span> <span class='ocrx_word' id='word_1_412' title='bbox 1082 2034 1179 2063; x_wconf 83' lang='lat' dir='ltr'><strong>ratio</strong></span> <span class='ocrx_word' id='word_1_413' title='bbox 1236 2030 1503 2065; x_wconf 75' lang='lat' dir='ltr'><strong>[edicentissimi</strong></span> <span class='ocrx_word' id='word_1_414' title='bbox 1516 2032 1634 2065; x_wconf 81' lang='lat' dir='ltr'><strong>nescio</strong></span> <span class='ocrx_word' id='word_1_415' title='bbox 1652 2030 1827 2077; x_wconf 80' lang='lat' dir='ltr'><strong>quomodo</strong></span> <span class='ocrx_word' id='word_1_416' title='bbox 1847 2033 1883 2064; x_wconf 82' lang='lat' dir='ltr'><strong>in</strong></span> <span class='ocrx_word' id='word_1_417' title='bbox 1903 2031 1962 2065; x_wconf 89' lang='lat' dir='ltr'><strong>illo</strong></span> <span class='ocrx_word' id='word_1_418' title='bbox 1981 2042 2052 2065; x_wconf 80' lang='lat' dir='ltr'><strong>uno</strong></span> <span class='ocrx_word' id='word_1_419' title='bbox 2078 2030 2264 2065; x_wconf 78' lang='lat' dir='ltr'><strong>laudando</strong></span> 
     </span>
     <span class='ocr_line' id='line_1_57' title="bbox 151 2072 1503 2143; baseline -0.001 -18"><span class='ocrx_word' id='word_1_420' title='bbox 151 2097 281 2139; x_wconf 81' lang='lat' dir='ltr'><strong>aptam</strong></span> <span class='ocrx_word' id='word_1_421' title='bbox 302 2086 394 2123; x_wconf 90' lang='lat' dir='ltr'><strong>dare</strong></span> <span class='ocrx_word' id='word_1_422' title='bbox 414 2085 544 2136; x_wconf 86' lang='lat' dir='ltr'><strong>potuit</strong></span> <span class='ocrx_word' id='word_1_423' title='bbox 560 2085 704 2122; x_wconf 91' lang='lat' dir='ltr'><strong>Timaeo</strong></span> <span class='ocrx_word' id='word_1_424' title='bbox 728 2085 963 2122; x_wconf 84' lang='lat' dir='ltr'><strong>occasionem</strong></span> <span class='ocrx_word' id='word_1_425' title='bbox 983 2098 1049 2122; x_wconf 93' lang='lat' dir='ltr'><strong>eos</strong></span> <span class='ocrx_word' id='word_1_426' title='bbox 1066 2085 1179 2122; x_wconf 80' lang='lat' dir='ltr'><strong>refel-</strong></span> <span class='ocrx_word' id='word_1_427' title='bbox 1205 2072 1212 2143; x_wconf 70' lang='grc' dir='ltr'>Ι</span> <span class='ocrx_word' id='word_1_428' title='bbox 1236 2096 1503 2124; x_wconf 80' lang='lat' dir='ltr'><strong>consenserunt.</strong></span> 
     </span>
    </p>
   </div>
   <div class='ocr_carea' id='block_1_16' title="bbox 151 2143 1181 2488">
    <p class='ocr_par' dir='ltr' id='par_1_19' title="bbox 151 2143 1181 2488">
     <span class='ocr_line' id='line_1_58' title="bbox 151 2143 1180 2195; baseline -0.004 -11"><span class='ocrx_word' id='word_1_429' title='bbox 151 2146 277 2192; x_wconf 89' lang='lat' dir='ltr'><strong>lendi,</strong></span> <span class='ocrx_word' id='word_1_430' title='bbox 312 2146 379 2195; x_wconf 88' lang='lat' dir='ltr'><strong>qui</strong></span> <span class='ocrx_word' id='word_1_431' title='bbox 403 2144 679 2194; x_wconf 87' lang='lat' dir='ltr'><strong>Empedoclem</strong></span> <span class='ocrx_word' id='word_1_432' title='bbox 702 2144 939 2181; x_wconf 74' lang='lat' dir='ltr'><strong>tradiderunt</strong></span> <span class='ocrx_word' id='word_1_433' title='bbox 957 2143 1073 2182; x_wconf 88' lang='lat' dir='ltr'><strong>domo</strong></span> <span class='ocrx_word' id='word_1_434' title='bbox 1091 2156 1180 2193; x_wconf 86' lang='lat' dir='ltr'><strong>pro-</strong></span> 
     </span>
     <span class='ocr_line' id='line_1_59' title="bbox 152 2202 1179 2256; baseline -0.004 -14"><span class='ocrx_word' id='word_1_435' title='bbox 152 2205 283 2256; x_wconf 80' lang='lat' dir='ltr'><strong>fugum</strong></span> <span class='ocrx_word' id='word_1_436' title='bbox 317 2208 526 2254; x_wconf 75' lang='lat' dir='ltr'><strong>Syracusas</strong></span> <span class='ocrx_word' id='word_1_437' title='bbox 563 2203 711 2240; x_wconf 88' lang='lat' dir='ltr'><strong>venisse</strong></span> <span class='ocrx_word' id='word_1_438' title='bbox 739 2211 777 2239; x_wconf 89' lang='lat' dir='ltr'><strong>et</strong></span> <span class='ocrx_word' id='word_1_439' title='bbox 811 2216 899 2239; x_wconf 88' lang='lat' dir='ltr'><strong>cum</strong></span> <span class='ocrx_word' id='word_1_440' title='bbox 932 2202 1179 2251; x_wconf 85' lang='lat' dir='ltr'><strong>Syracusanis</strong></span> 
     </span>
     <span class='ocr_line' id='line_1_60' title="bbox 152 2260 1176 2314; baseline -0.004 -14"><span class='ocrx_word' id='word_1_441' title='bbox 152 2274 338 2314; x_wconf 81' lang='lat' dir='ltr'><strong>pugnasse</strong></span> <span class='ocrx_word' id='word_1_442' title='bbox 382 2270 517 2300; x_wconf 80' lang='lat' dir='ltr'><strong>contra</strong></span> <span class='ocrx_word' id='word_1_443' title='bbox 558 2261 814 2300; x_wconf 82' lang='lat' dir='ltr'><strong>Athenienses</strong></span> <span class='ocrx_word' id='word_1_444' title='bbox 846 2261 856 2311; x_wconf 96' lang='lat'>(</span> <span class='ocrx_word' id='word_1_445' title='bbox 872 2275 907 2298; x_wconf 94' lang='lat' dir='ltr'><strong>v.</strong></span> <span class='ocrx_word' id='word_1_446' title='bbox 945 2260 1176 2312; x_wconf 87' lang='lat' dir='ltr'><strong>Apollodor.</strong></span> 
     </span>
     <span class='ocr_line' id='line_1_61' title="bbox 152 2319 1181 2371; baseline -0.004 -12"><span class='ocrx_word' id='word_1_447' title='bbox 152 2322 330 2360; x_wconf 88' lang='lat' dir='ltr'><strong>Chronic.</strong></span> <span class='ocrx_word' id='word_1_448' title='bbox 351 2335 413 2371; x_wconf 87' lang='lat' dir='ltr'><strong>ap.</strong></span> <span class='ocrx_word' id='word_1_449' title='bbox 429 2321 540 2370; x_wconf 79' lang='lat' dir='ltr'><strong>Diog.</strong></span> <span class='ocrx_word' id='word_1_450' title='bbox 554 2325 678 2358; x_wconf 88' lang='lat' dir='ltr'><strong>Laert.</strong></span> <span class='ocrx_word' id='word_1_451' title='bbox 692 2323 796 2367; x_wconf 90' lang='lat' dir='ltr'><strong>VIII,</strong></span> <span class='ocrx_word' id='word_1_452' title='bbox 818 2319 894 2370; x_wconf 81' lang='lat'><strong>52),</strong></span> <span class='ocrx_word' id='word_1_453' title='bbox 908 2319 1082 2370; x_wconf 85' lang='lat' dir='ltr'><strong>quamvis</strong></span> <span class='ocrx_word' id='word_1_454' title='bbox 1102 2332 1181 2356; x_wconf 90' lang='lat' dir='ltr'><strong>non</strong></span> 
     </span>
     <span class='ocr_line' id='line_1_62' title="bbox 152 2378 1180 2429; baseline -0.004 -11"><span class='ocrx_word' id='word_1_455' title='bbox 152 2381 246 2418; x_wconf 85' lang='lat' dir='ltr'><strong>satis</strong></span> <span class='ocrx_word' id='word_1_456' title='bbox 260 2388 421 2424; x_wconf 87' lang='lat' dir='ltr'><strong>constet,</strong></span> <span class='ocrx_word' id='word_1_457' title='bbox 441 2389 567 2417; x_wconf 86' lang='lat' dir='ltr'><strong>utrum</strong></span> <span class='ocrx_word' id='word_1_458' title='bbox 582 2379 656 2416; x_wconf 82' lang='lat' dir='ltr'><strong>hoc</strong></span> <span class='ocrx_word' id='word_1_459' title='bbox 671 2379 718 2416; x_wconf 87' lang='lat' dir='ltr'><strong>ad</strong></span> <span class='ocrx_word' id='word_1_460' title='bbox 734 2379 896 2429; x_wconf 87' lang='lat' dir='ltr'><strong>primam</strong></span> <span class='ocrx_word' id='word_1_461' title='bbox 911 2392 959 2416; x_wconf 90' lang='lat' dir='ltr'><strong>an</strong></span> <span class='ocrx_word' id='word_1_462' title='bbox 981 2378 1029 2415; x_wconf 84' lang='lat' dir='ltr'><strong>ad</strong></span> <span class='ocrx_word' id='word_1_463' title='bbox 1049 2391 1180 2415; x_wconf 86' lang='lat' dir='ltr'><strong>secun-</strong></span> 
     </span>
     <span class='ocr_line' id='line_1_63' title="bbox 153 2436 1177 2488; baseline -0.005 -11"><span class='ocrx_word' id='word_1_464' title='bbox 153 2439 241 2482; x_wconf 87' lang='lat' dir='ltr'><strong>dam</strong></span> <span class='ocrx_word' id='word_1_465' title='bbox 253 2439 543 2477; x_wconf 87' lang='lat' dir='ltr'><strong>Atheniensium</strong></span> <span class='ocrx_word' id='word_1_466' title='bbox 564 2438 850 2488; x_wconf 82' lang='lat' dir='ltr'><strong>expeditionem</strong></span> <span class='ocrx_word' id='word_1_467' title='bbox 866 2436 1107 2474; x_wconf 85' lang='lat' dir='ltr'><strong>referendum</strong></span> <span class='ocrx_word' id='word_1_468' title='bbox 1118 2436 1177 2473; x_wconf 86' lang='lat' dir='ltr'><strong>sit.</strong></span> 
     </span>
    </p>
   </div>
   <div class='ocr_carea' id='block_1_17' title="bbox 544 2549 790 2588">
    <p class='ocr_par' dir='ltr' id='par_1_20' title="bbox 544 2549 790 2588">
     <span class='ocr_line' id='line_1_64' title="bbox 544 2549 790 2588; baseline -0.008 -1"><span class='ocrx_word' id='word_1_469' title='bbox 544 2550 695 2588; x_wconf 86' lang='lat' dir='ltr'><strong>LIBER</strong></span> <span class='ocrx_word' id='word_1_470' title='bbox 723 2549 790 2587; x_wconf 88' lang='lat' dir='ltr'><strong>IV.</strong></span> 
     </span>
    </p>
   </div>
   <div class='ocr_carea' id='block_1_18' title="bbox 634 2625 697 2658">
    <p class='ocr_par' dir='ltr' id='par_1_21' title="bbox 634 2625 697 2658">
     <span class='ocr_line' id='line_1_65' title="bbox 634 2625 697 2658; baseline -0.016 0"><span class='ocrx_word' id='word_1_471' title='bbox 634 2625 697 2658; x_wconf 84' lang='lat'><strong>98.</strong></span> 
     </span>
    </p>
   </div>
   <div class='ocr_carea' id='block_1_19' title="bbox 154 2682 1184 3422">
    <p class='ocr_par' dir='ltr' id='par_1_22' title="bbox 154 2682 1184 2868">
     <span class='ocr_line' id='line_1_66' title="bbox 194 2682 1184 2723; baseline -0.005 -6"><span class='ocrx_word' id='word_1_472' title='bbox 194 2688 316 2718; x_wconf 87' lang='lat' dir='ltr'><strong>verum</strong></span> <span class='ocrx_word' id='word_1_473' title='bbox 332 2683 422 2715; x_wconf 87' lang='lat' dir='ltr'><strong>hisce</strong></span> <span class='ocrx_word' id='word_1_474' title='bbox 435 2683 578 2714; x_wconf 83' lang='lat' dir='ltr'><strong>Timaeus</strong></span> <span class='ocrx_word' id='word_1_475' title='bbox 591 2682 779 2723; x_wconf 80' lang='lat' dir='ltr'><strong>refragatur,</strong></span> <span class='ocrx_word' id='word_1_476' title='bbox 794 2684 902 2722; x_wconf 87' lang='lat' dir='ltr'><strong>aperte</strong></span> <span class='ocrx_word' id='word_1_477' title='bbox 916 2689 1061 2713; x_wconf 85' lang='lat' dir='ltr'><strong>asserens</strong></span> <span class='ocrx_word' id='word_1_478' title='bbox 1072 2683 1184 2721; x_wconf 86' lang='lat' dir='ltr'><strong>Empe-</strong></span> 
     </span>
     <span class='ocr_line' id='line_1_67' title="bbox 154 2727 1183 2771; baseline -0.007 -6"><span class='ocrx_word' id='word_1_479' title='bbox 154 2733 295 2770; x_wconf 88' lang='lat' dir='ltr'><strong>doclem,</strong></span> <span class='ocrx_word' id='word_1_480' title='bbox 304 2731 360 2763; x_wconf 86' lang='lat' dir='ltr'><strong>uhi</strong></span> <span class='ocrx_word' id='word_1_481' title='bbox 372 2731 406 2762; x_wconf 86' lang='lat' dir='ltr'><strong>in</strong></span> <span class='ocrx_word' id='word_1_482' title='bbox 416 2730 672 2771; x_wconf 83' lang='lat' dir='ltr'><strong>Peloponnesum</strong></span> <span class='ocrx_word' id='word_1_483' title='bbox 685 2738 719 2761; x_wconf 91' lang='lat' dir='ltr'><strong>se</strong></span> <span class='ocrx_word' id='word_1_484' title='bbox 734 2728 863 2770; x_wconf 87' lang='lat' dir='ltr'><strong>recepit,</strong></span> <span class='ocrx_word' id='word_1_485' title='bbox 872 2737 1038 2768; x_wconf 88' lang='lat' dir='ltr'><strong>nunquam</strong></span> <span class='ocrx_word' id='word_1_486' title='bbox 1051 2727 1183 2758; x_wconf 87' lang='lat' dir='ltr'><strong>omnino</strong></span> 
     </span>
     <span class='ocr_line' id='line_1_68' title="bbox 155 2774 1182 2818; baseline -0.006 -7"><span class='ocrx_word' id='word_1_487' title='bbox 155 2779 299 2818; x_wconf 79' lang='lat' dir='ltr'><strong>rediisse,</strong></span> <span class='ocrx_word' id='word_1_488' title='bbox 312 2781 408 2818; x_wconf 85' lang='lat' dir='ltr'><strong>atque</strong></span> <span class='ocrx_word' id='word_1_489' title='bbox 423 2777 495 2809; x_wconf 87' lang='lat' dir='ltr'><strong>ideo</strong></span> <span class='ocrx_word' id='word_1_490' title='bbox 521 2776 608 2808; x_wconf 89' lang='lat' dir='ltr'><strong>illius</strong></span> <span class='ocrx_word' id='word_1_491' title='bbox 623 2776 782 2808; x_wconf 88' lang='lat' dir='ltr'><strong>incertum</strong></span> <span class='ocrx_word' id='word_1_492' title='bbox 797 2774 1182 2807; x_wconf 86' lang='lat' dir='ltr'><strong>esseobitum.Heraclidi</strong></span> 
     </span>
     <span class='ocr_line' id='line_1_69' title="bbox 157 2823 827 2868; baseline -0.004 -11"><span class='ocrx_word' id='word_1_493' title='bbox 157 2835 232 2859; x_wconf 83' lang='lat' dir='ltr'><strong>vero</strong></span> <span class='ocrx_word' id='word_1_494' title='bbox 250 2824 440 2857; x_wconf 82' lang='lat' dir='ltr'><strong>nominatim</strong></span> <span class='ocrx_word' id='word_1_495' title='bbox 453 2823 642 2868; x_wconf 77' lang='lat' dir='ltr'><strong>contradicit</strong></span> <span class='ocrx_word' id='word_1_496' title='bbox 654 2823 686 2854; x_wconf 89' lang='lat' dir='ltr'><strong>in</strong></span> <span class='ocrx_word' id='word_1_497' title='bbox 702 2826 827 2864; x_wconf 89' lang='lat' dir='ltr'><strong>quarto.</strong></span> 
     </span>
    </p>

    <p class='ocr_par' dir='ltr' id='par_1_23' title="bbox 155 2868 1184 3422">
     <span class='ocr_line' id='line_1_70' title="bbox 196 2868 1184 2921; baseline -0.007 -15"><span class='ocrx_word' id='word_1_498' title='bbox 196 2872 411 2906; x_wconf 82' lang='lat' dir='ltr'><strong>Pisianactem</strong></span> <span class='ocrx_word' id='word_1_499' title='bbox 426 2871 526 2903; x_wconf 82' lang='lat' dir='ltr'><strong>fuisse</strong></span> <span class='ocrx_word' id='word_1_500' title='bbox 548 2873 785 2911; x_wconf 87' lang='lat' dir='ltr'><strong>Syracusanum</strong></span> <span class='ocrx_word' id='word_1_501' title='bbox 801 2869 882 2900; x_wconf 87' lang='lat' dir='ltr'><strong>dicit</strong></span> <span class='ocrx_word' id='word_1_502' title='bbox 895 2877 998 2921; x_wconf 89' lang='lat' dir='ltr'><strong>neque</strong></span> <span class='ocrx_word' id='word_1_503' title='bbox 1011 2868 1184 2909; x_wconf 85' lang='lat' dir='ltr'><strong>possessio-</strong></span> 
     </span>
     <span class='ocr_line' id='line_1_71' title="bbox 155 2915 1183 2958; baseline -0.006 -6"><span class='ocrx_word' id='word_1_504' title='bbox 155 2929 213 2953; x_wconf 83' lang='lat' dir='ltr'><strong>nes</strong></span> <span class='ocrx_word' id='word_1_505' title='bbox 225 2919 379 2951; x_wconf 83' lang='lat' dir='ltr'><strong>habuisse</strong></span> <span class='ocrx_word' id='word_1_506' title='bbox 394 2917 578 2958; x_wconf 84' lang='lat' dir='ltr'><strong>Agrigenti;</strong></span> <span class='ocrx_word' id='word_1_507' title='bbox 598 2916 790 2948; x_wconf 84' lang='lat' dir='ltr'><strong>Pausaniam</strong></span> <span class='ocrx_word' id='word_1_508' title='bbox 802 2918 910 2947; x_wconf 87' lang='lat' dir='ltr'><strong>autem</strong></span> <span class='ocrx_word' id='word_1_509' title='bbox 927 2915 955 2946; x_wconf 91' lang='lat' dir='ltr'><strong>si</strong></span> <span class='ocrx_word' id='word_1_510' title='bbox 970 2924 1005 2947; x_wconf 90' lang='lat' dir='ltr'><strong>re</strong></span> <span class='ocrx_word' id='word_1_511' title='bbox 1020 2923 1097 2946; x_wconf 86' lang='lat' dir='ltr'><strong>vera</strong></span> <span class='ocrx_word' id='word_1_512' title='bbox 1114 2915 1183 2946; x_wconf 84' lang='lat' dir='ltr'><strong>baec</strong></span> 
     </span>
     <span class='ocr_line' id='line_1_72' title="bbox 157 2961 1180 3007; baseline -0.006 -9"><span class='ocrx_word' id='word_1_513' title='bbox 157 2968 243 3002; x_wconf 80' lang='lat' dir='ltr'><strong>fama</strong></span> <span class='ocrx_word' id='word_1_514' title='bbox 257 2965 511 3007; x_wconf 79' lang='lat' dir='ltr'><strong>percrebuisset,</strong></span> <span class='ocrx_word' id='word_1_515' title='bbox 532 2964 620 2996; x_wconf 81' lang='lat' dir='ltr'><strong>baud</strong></span> <span class='ocrx_word' id='word_1_516' title='bbox 641 2963 739 2995; x_wconf 87' lang='lat' dir='ltr'><strong>dubie</strong></span> <span class='ocrx_word' id='word_1_517' title='bbox 764 2965 1010 2994; x_wconf 85' lang='lat' dir='ltr'><strong>monumentum</strong></span> <span class='ocrx_word' id='word_1_518' title='bbox 1027 2961 1180 3002; x_wconf 85' lang='lat' dir='ltr'><strong>aliquod,</strong></span> 
     </span>
     <span class='ocr_line' id='line_1_73' title="bbox 157 3003 1183 3048; baseline -0.006 -3"><span class='ocrx_word' id='word_1_519' title='bbox 157 3015 214 3045; x_wconf 87' lang='lat' dir='ltr'><strong>aut</strong></span> <span class='ocrx_word' id='word_1_520' title='bbox 229 3015 368 3044; x_wconf 83' lang='lat' dir='ltr'><strong>statuam</strong></span> <span class='ocrx_word' id='word_1_521' title='bbox 386 3014 442 3043; x_wconf 86' lang='lat' dir='ltr'><strong>aut</strong></span> <span class='ocrx_word' id='word_1_522' title='bbox 457 3010 610 3042; x_wconf 87' lang='lat' dir='ltr'><strong>sacellum</strong></span> <span class='ocrx_word' id='word_1_523' title='bbox 623 3012 660 3042; x_wconf 90' lang='lat' dir='ltr'><strong>ut</strong></span> <span class='ocrx_word' id='word_1_524' title='bbox 672 3009 745 3048; x_wconf 89' lang='lat' dir='ltr'><strong>deo,</strong></span> <span class='ocrx_word' id='word_1_525' title='bbox 765 3008 870 3040; x_wconf 87' lang='lat' dir='ltr'><strong>amico</strong></span> <span class='ocrx_word' id='word_1_526' title='bbox 886 3017 946 3040; x_wconf 79' lang='lat' dir='ltr'><strong>suo</strong></span> <span class='ocrx_word' id='word_1_527' title='bbox 956 3003 1059 3039; x_wconf 78' lang='lat' dir='ltr'><strong>fuisse</strong></span> <span class='ocrx_word' id='word_1_528' title='bbox 1074 3016 1183 3039; x_wconf 85' lang='lat' dir='ltr'><strong>conse-</strong></span> 
     </span>
     <span class='ocr_line' id='line_1_74' title="bbox 156 3054 1182 3098; baseline -0.004 -9"><span class='ocrx_word' id='word_1_529' title='bbox 156 3062 332 3098; x_wconf 85' lang='lat' dir='ltr'><strong>c;raturum</strong></span> <span class='ocrx_word' id='word_1_530' title='bbox 343 3067 416 3090; x_wconf 87' lang='lat' dir='ltr'><strong>nam</strong></span> <span class='ocrx_word' id='word_1_531' title='bbox 424 3057 583 3090; x_wconf 83' lang='lat' dir='ltr'><strong>divitem</strong></span> <span class='ocrx_word' id='word_1_532' title='bbox 568 3066 674 3089; x_wconf 67' lang='lat' dir='ltr'><strong>luisse</strong></span> <span class='ocrx_word' id='word_1_533' title='bbox 689 3059 861 3094; x_wconf 89' lang='lat' dir='ltr'><strong>.‹Quonam</strong></span> <span class='ocrx_word' id='word_1_534' title='bbox 873 3064 946 3095; x_wconf 85' lang='lat' dir='ltr'><strong>ergo</strong></span> <span class='ocrx_word' id='word_1_535' title='bbox 953 3058 1058 3096; x_wconf 88' lang='lat' dir='ltr'><strong>pacto</strong></span> <span class='ocrx_word' id='word_1_536' title='bbox 1066 3054 1182 3095; x_wconf 86' lang='lat' dir='ltr'><strong>inquit,</strong></span> 
     </span>
     <span class='ocr_line' id='line_1_75' title="bbox 156 3102 1180 3146; baseline -0.005 -8"><span class='ocrx_word' id='word_1_537' title='bbox 156 3107 191 3142; x_wconf 91' lang='lat' dir='ltr'><strong>in</strong></span> <span class='ocrx_word' id='word_1_538' title='bbox 207 3108 344 3138; x_wconf 81' lang='lat' dir='ltr'><strong>crateres</strong></span> <span class='ocrx_word' id='word_1_539' title='bbox 362 3115 396 3137; x_wconf 87' lang='lat' dir='ltr'><strong>se</strong></span> <span class='ocrx_word' id='word_1_540' title='bbox 414 3104 536 3146; x_wconf 79' lang='lat' dir='ltr'><strong>injecit,</strong></span> <span class='ocrx_word' id='word_1_541' title='bbox 553 3113 692 3145; x_wconf 80' lang='lat' dir='ltr'><strong>quorum</strong></span> <span class='ocrx_word' id='word_1_542' title='bbox 709 3103 831 3136; x_wconf 85' lang='lat' dir='ltr'><strong>nullam</strong></span> <span class='ocrx_word' id='word_1_543' title='bbox 845 3111 988 3143; x_wconf 83' lang='lat' dir='ltr'><strong>unquam</strong></span> <span class='ocrx_word' id='word_1_544' title='bbox 1005 3102 1079 3134; x_wconf 78' lang='lat' dir='ltr'><strong>fecit</strong></span> <span class='ocrx_word' id='word_1_545' title='bbox 1095 3110 1180 3133; x_wconf 87' lang='lat' dir='ltr'><strong>men-</strong></span> 
     </span>
     <span class='ocr_line' id='line_1_76' title="bbox 158 3148 1182 3192; baseline -0.004 -8"><span class='ocrx_word' id='word_1_546' title='bbox 158 3153 290 3191; x_wconf 79' lang='lat' dir='ltr'><strong>tionem,</strong></span> <span class='ocrx_word' id='word_1_547' title='bbox 308 3151 458 3192; x_wconf 87' lang='lat' dir='ltr'><strong>quamvis</strong></span> <span class='ocrx_word' id='word_1_548' title='bbox 473 3153 581 3182; x_wconf 86' lang='lat' dir='ltr'><strong>essent</strong></span> <span class='ocrx_word' id='word_1_549' title='bbox 599 3150 633 3182; x_wconf 88' lang='lat' dir='ltr'><strong>in</strong></span> <span class='ocrx_word' id='word_1_550' title='bbox 649 3151 852 3191; x_wconf 79' lang='lat' dir='ltr'><strong>propinquo?</strong></span> <span class='ocrx_word' id='word_1_551' title='bbox 866 3151 1014 3181; x_wconf 82' lang='lat' dir='ltr'><strong>Mortuus</strong></span> <span class='ocrx_word' id='word_1_552' title='bbox 1027 3151 1076 3180; x_wconf 89' lang='lat' dir='ltr'><strong>est</strong></span> <span class='ocrx_word' id='word_1_553' title='bbox 1087 3148 1182 3189; x_wconf 87' lang='lat' dir='ltr'><strong>igitur</strong></span> 
     </span>
     <span class='ocr_line' id='line_1_77' title="bbox 157 3196 1180 3239; baseline -0.003 -9"><span class='ocrx_word' id='word_1_554' title='bbox 157 3199 190 3235; x_wconf 82' lang='lat' dir='ltr'><strong>in</strong></span> <span class='ocrx_word' id='word_1_555' title='bbox 203 3199 435 3239; x_wconf 81' lang='lat' dir='ltr'><strong>Peloponneso.</strong></span> <span class='ocrx_word' id='word_1_556' title='bbox 456 3197 580 3234; x_wconf 86' lang='lat' dir='ltr'><strong>Quodsi</strong></span> <span class='ocrx_word' id='word_1_557' title='bbox 596 3199 666 3238; x_wconf 78' lang='lat' dir='ltr'><strong>eJus</strong></span> <span class='ocrx_word' id='word_1_558' title='bbox 680 3197 862 3238; x_wconf 85' lang='lat' dir='ltr'><strong>sepulcrum</strong></span> <span class='ocrx_word' id='word_1_559' title='bbox 882 3205 947 3228; x_wconf 88' lang='lat' dir='ltr'><strong>non</strong></span> <span class='ocrx_word' id='word_1_560' title='bbox 969 3196 1180 3237; x_wconf 86' lang='lat' dir='ltr'><strong>conspicitur,</strong></span> 
     </span>
     <span class='ocr_line' id='line_1_78' title="bbox 158 3242 1183 3284; baseline -0.003 -8"><span class='ocrx_word' id='word_1_561' title='bbox 158 3254 223 3277; x_wconf 87' lang='lat' dir='ltr'><strong>non</strong></span> <span class='ocrx_word' id='word_1_562' title='bbox 236 3247 285 3277; x_wconf 87' lang='lat' dir='ltr'><strong>est</strong></span> <span class='ocrx_word' id='word_1_563' title='bbox 298 3245 359 3276; x_wconf 85' lang='lat' dir='ltr'><strong>hoc</strong></span> <span class='ocrx_word' id='word_1_564' title='bbox 371 3244 490 3275; x_wconf 88' lang='lat' dir='ltr'><strong>mirum</strong></span> <span class='ocrx_word' id='word_1_565' title='bbox 508 3252 516 3274; x_wconf 94' lang='lat'>:</span> <span class='ocrx_word' id='word_1_566' title='bbox 535 3252 676 3284; x_wconf 87' lang='lat' dir='ltr'><strong>namque</strong></span> <span class='ocrx_word' id='word_1_567' title='bbox 689 3246 721 3275; x_wconf 86' lang='lat' dir='ltr'><strong>et</strong></span> <span class='ocrx_word' id='word_1_568' title='bbox 736 3244 874 3275; x_wconf 88' lang='lat' dir='ltr'><strong>aliorum</strong></span> <span class='ocrx_word' id='word_1_569' title='bbox 888 3243 1066 3276; x_wconf 86' lang='lat' dir='ltr'><strong>multorum</strong></span> <span class='ocrx_word' id='word_1_570' title='bbox 1082 3242 1183 3283; x_wconf 80' lang='lat' dir='ltr'><strong>sepul·</strong></span> 
     </span>
     <span class='ocr_line' id='line_1_79' title="bbox 158 3288 1180 3332; baseline -0.003 -9"><span class='ocrx_word' id='word_1_571' title='bbox 158 3301 214 3324; x_wconf 87' lang='lat' dir='ltr'><strong>cra</strong></span> <span class='ocrx_word' id='word_1_572' title='bbox 228 3291 427 3332; x_wconf 82' lang='lat' dir='ltr'><strong>ignorantur.</strong></span> <span class='ocrx_word' id='word_1_573' title='bbox 443 3302 460 3317; x_wconf 71' lang='grc' dir='ltr'><strong>ι»</strong></span> <span class='ocrx_word' id='word_1_574' title='bbox 478 3291 654 3330; x_wconf 87' lang='lat' dir='ltr'><strong>Postquam</strong></span> <span class='ocrx_word' id='word_1_575' title='bbox 666 3290 742 3322; x_wconf 86' lang='lat' dir='ltr'><strong>talia</strong></span> <span class='ocrx_word' id='word_1_576' title='bbox 755 3291 837 3322; x_wconf 75' lang='lat' dir='ltr'><strong>dixit</strong></span> <span class='ocrx_word' id='word_1_577' title='bbox 848 3291 990 3322; x_wconf 82' lang='lat' dir='ltr'><strong>Timaeus</strong></span> <span class='ocrx_word' id='word_1_578' title='bbox 1001 3313 1011 3328; x_wconf 94' lang='lat'><strong>,</strong></span> <span class='ocrx_word' id='word_1_579' title='bbox 1032 3290 1101 3322; x_wconf 79' lang='lat' dir='ltr'><strong>liaec</strong></span> <span class='ocrx_word' id='word_1_580' title='bbox 1122 3288 1180 3320; x_wconf 90' lang='lat' dir='ltr'><strong>ad-</strong></span> 
     </span>
     <span class='ocr_line' id='line_1_80' title="bbox 158 3336 1181 3377; baseline 0.003 -12"><span class='ocrx_word' id='word_1_581' title='bbox 158 3339 207 3371; x_wconf 73' lang='lat' dir='ltr'><strong>dit</strong></span> <span class='ocrx_word' id='word_1_582' title='bbox 224 3348 232 3370; x_wconf 90' lang='lat'>:</span> <span class='ocrx_word' id='word_1_583' title='bbox 250 3352 264 3365; x_wconf 61' lang='grc' dir='ltr'>(ι</span> <span class='ocrx_word' id='word_1_584' title='bbox 282 3340 403 3370; x_wconf 82' lang='lat' dir='ltr'><strong>Verum</strong></span> <span class='ocrx_word' id='word_1_585' title='bbox 420 3345 545 3376; x_wconf 88' lang='lat' dir='ltr'><strong>semper</strong></span> <span class='ocrx_word' id='word_1_586' title='bbox 558 3336 756 3369; x_wconf 85' lang='lat' dir='ltr'><strong>incredibilia</strong></span> <span class='ocrx_word' id='word_1_587' title='bbox 777 3340 886 3368; x_wconf 88' lang='lat' dir='ltr'><strong>narrat</strong></span> <span class='ocrx_word' id='word_1_588' title='bbox 902 3336 1084 3369; x_wconf 83' lang='lat' dir='ltr'><strong>Heraclides</strong></span> <span class='ocrx_word' id='word_1_589' title='bbox 1097 3359 1106 3376; x_wconf 97' lang='lat'><strong>,</strong></span> <span class='ocrx_word' id='word_1_590' title='bbox 1125 3336 1181 3377; x_wconf 87' lang='lat' dir='ltr'><strong>qui</strong></span> 
     </span>
     <span class='ocr_line' id='line_1_81' title="bbox 157 3383 918 3422; baseline -0.012 -3"><span class='ocrx_word' id='word_1_591' title='bbox 157 3385 255 3422; x_wconf 83' lang='lat' dir='ltr'><strong>etiam</strong></span> <span class='ocrx_word' id='word_1_592' title='bbox 271 3384 380 3420; x_wconf 80' lang='lat' dir='ltr'><strong>tradit,</strong></span> <span class='ocrx_word' id='word_1_593' title='bbox 396 3393 433 3415; x_wconf 78' lang='lat' dir='ltr'><strong>ex</strong></span> <span class='ocrx_word' id='word_1_594' title='bbox 449 3383 526 3414; x_wconf 82' lang='lat' dir='ltr'><strong>luna</strong></span> <span class='ocrx_word' id='word_1_595' title='bbox 544 3383 697 3416; x_wconf 81' lang='lat' dir='ltr'><strong>cecidisse</strong></span> <span class='ocrx_word' id='word_1_596' title='bbox 710 3383 884 3416; x_wconf 77' lang='lat' dir='ltr'><strong>hominem.</strong></span> <span class='ocrx_word' id='word_1_597' title='bbox 904 3397 918 3411; x_wconf 64' lang='lat' dir='ltr'><em>n</em></span> 
     </span>
    </p>
   </div>
   <div class='ocr_carea' id='block_1_20' title="bbox 1207 3004 1215 3163">
    <p class='ocr_par' dir='ltr' id='par_1_24' title="bbox 1207 3004 1215 3163">
     <span class='ocr_line' id='line_1_82' title="bbox 1207 3004 1215 3163; baseline 0 0"><span class='ocrx_word' id='word_1_598' title='bbox 1207 3004 1215 3163; x_wconf 95' lang='lat' dir='ltr'><strong> </strong></span> 
     </span>
    </p>
   </div>
   <div class='ocr_carea' id='block_1_21' title="bbox 1208 3166 1214 3418">
    <p class='ocr_par' dir='ltr' id='par_1_25' title="bbox 1208 3166 1214 3418">
     <span class='ocr_line' id='line_1_83' title="bbox 1208 3166 1214 3418; baseline 0 266"><span class='ocrx_word' id='word_1_599' title='bbox 1208 3166 1214 3418; x_wconf 95' lang='lat' dir='ltr'><strong> </strong></span> 
     </span>
    </p>
   </div>
   <div class='ocr_carea' id='block_1_22' title="bbox 1236 2139 2264 2364">
    <p class='ocr_par' dir='ltr' id='par_1_26' title="bbox 1236 2139 2264 2364">
     <span class='ocr_line' id='line_1_84' title="bbox 1294 2139 2264 2244; baseline 0.001 -14"><span class='ocrx_word' id='word_1_600' title='bbox 1294 2193 1483 2231; x_wconf 84' lang='lat' dir='ltr'><strong>Plutarch.</strong></span> <span class='ocrx_word' id='word_1_601' title='bbox 1500 2194 1584 2231; x_wconf 78' lang='lat' dir='ltr'><strong>Nic..</strong></span> <span class='ocrx_word' id='word_1_602' title='bbox 1600 2206 1632 2230; x_wconf 93' lang='lat' dir='ltr'><strong>c.</strong></span> <span class='ocrx_word' id='word_1_603' title='bbox 1659 2139 1783 2242; x_wconf 61' lang='lat'>19120&#39;12&#39;</span> <span class='ocrx_word' id='word_1_604' title='bbox 1787 2169 1900 2244; x_wconf 59' lang='lat' dir='ltr'><strong>iuncto&lt;</strong></span> <span class='ocrx_word' id='word_1_605' title='bbox 1918 2193 1978 2231; x_wconf 78' lang='grc' dir='ltr'>καὶ</span> <span class='ocrx_word' id='word_1_606' title='bbox 1997 2192 2075 2237; x_wconf 74' lang='grc' dir='ltr'>τοὺς</span> <span class='ocrx_word' id='word_1_607' title='bbox 2095 2192 2264 2232; x_wconf 73' lang='grc' dir='ltr'>Σικελιώ·</span> 
     </span>
     <span class='ocr_line' id='line_1_85' title="bbox 1236 2250 2262 2305; baseline 0 -15"><span class='ocrx_word' id='word_1_608' title='bbox 1236 2267 1298 2295; x_wconf 91' lang='grc' dir='ltr'><strong>τας</strong></span> <span class='ocrx_word' id='word_1_609' title='bbox 1324 2251 1429 2305; x_wconf 75' lang='grc' dir='ltr'>φησὶν</span> <span class='ocrx_word' id='word_1_610' title='bbox 1449 2252 1484 2289; x_wconf 83' lang='grc' dir='ltr'>ἔν</span> <span class='ocrx_word' id='word_1_611' title='bbox 1506 2250 1628 2302; x_wconf 80' lang='grc' dir='ltr'>μηδενὶ</span> <span class='ocrx_word' id='word_1_612' title='bbox 1647 2250 1741 2304; x_wconf 90' lang='grc' dir='ltr'>λόγῳ</span> <span class='ocrx_word' id='word_1_613' title='bbox 1770 2254 1943 2290; x_wconf 83' lang='grc' dir='ltr'>ποιεῖσθαι</span> <span class='ocrx_word' id='word_1_614' title='bbox 1975 2250 2034 2290; x_wconf 81' lang='grc' dir='ltr'>τὸν</span> <span class='ocrx_word' id='word_1_615' title='bbox 2069 2251 2262 2299; x_wconf 85' lang='grc' dir='ltr'>Γύλιππον,</span> 
     </span>
     <span class='ocr_line' id='line_1_86' title="bbox 1237 2308 2262 2364; baseline 0 -16"><span class='ocrx_word' id='word_1_616' title='bbox 1237 2310 1377 2364; x_wconf 78' lang='grc' dir='ltr'>ὕστερον</span> <span class='ocrx_word' id='word_1_617' title='bbox 1409 2309 1471 2361; x_wconf 79' lang='grc' dir='ltr'>μὲν</span> <span class='ocrx_word' id='word_1_618' title='bbox 1501 2308 1785 2363; x_wconf 82' lang='grc' dir='ltr'>αἰσχροκέρδειαν</span> <span class='ocrx_word' id='word_1_619' title='bbox 1818 2311 1922 2348; x_wconf 74' lang='grc' dir='ltr'>αὐτοῦ</span> <span class='ocrx_word' id='word_1_620' title='bbox 1945 2309 2004 2348; x_wconf 81' lang='grc' dir='ltr'>καὶ</span> <span class='ocrx_word' id='word_1_621' title='bbox 2039 2309 2262 2363; x_wconf 85' lang='grc' dir='ltr'>μικρολογίαν</span> 
     </span>
    </p>
   </div>
   <div class='ocr_carea' id='block_1_23' title="bbox 1238 2367 2314 2446">
    <p class='ocr_par' dir='ltr' id='par_1_27' title="bbox 1238 2367 2314 2446">
     <span class='ocr_line' id='line_1_87' title="bbox 1238 2367 2314 2446; baseline 0.001 -40"><span class='ocrx_word' id='word_1_622' title='bbox 1238 2368 1491 2420; x_wconf 80' lang='grc' dir='ltr'>καταγνόντας·</span> <span class='ocrx_word' id='word_1_623' title='bbox 1516 2371 1563 2412; x_wconf 85' lang='grc' dir='ltr'>ὡς</span> <span class='ocrx_word' id='word_1_624' title='bbox 1582 2367 1618 2406; x_wconf 83' lang='grc' dir='ltr'><strong>δὲ</strong></span> <span class='ocrx_word' id='word_1_625' title='bbox 1641 2370 1778 2446; x_wconf 82' lang='grc' dir='ltr'>πρῶτον</span> <span class='ocrx_word' id='word_1_626' title='bbox 1805 2367 1928 2423; x_wconf 79' lang='grc' dir='ltr'>ὤφθη,</span> <span class='ocrx_word' id='word_1_627' title='bbox 1955 2368 2180 2412; x_wconf 83' lang='grc' dir='ltr'>σκώπτοντας</span> <span class='ocrx_word' id='word_1_628' title='bbox 2217 2370 2264 2412; x_wconf 85' lang='grc' dir='ltr'>εἷς</span> <span class='ocrx_word' id='word_1_629' title='bbox 2306 2386 2314 2395; x_wconf 65' lang='lat'><strong>⁵</strong></span> 
     </span>
    </p>
   </div>
   <div class='ocr_carea' id='block_1_24' title="bbox 1237 2427 2262 2487">
    <p class='ocr_par' dir='ltr' id='par_1_28' title="bbox 1237 2427 2262 2487">
     <span class='ocr_line' id='line_1_88' title="bbox 1237 2427 2262 2487; baseline 0 -16"><span class='ocrx_word' id='word_1_630' title='bbox 1237 2433 1295 2472; x_wconf 83' lang='grc' dir='ltr'>τὸν</span> <span class='ocrx_word' id='word_1_631' title='bbox 1313 2433 1466 2487; x_wconf 69' lang='grc' dir='ltr'>τρίὸωνα</span> <span class='ocrx_word' id='word_1_632' title='bbox 1482 2433 1542 2472; x_wconf 91' lang='grc' dir='ltr'><strong>και</strong></span> <span class='ocrx_word' id='word_1_633' title='bbox 1555 2431 1619 2480; x_wconf 86' lang='grc' dir='ltr'>τὴν</span> <span class='ocrx_word' id='word_1_634' title='bbox 1633 2432 1759 2484; x_wconf 86' lang='grc' dir='ltr'>κόμην.</span> <span class='ocrx_word' id='word_1_635' title='bbox 1774 2427 1865 2472; x_wconf 85' lang='grc' dir='ltr'>Εἶτα</span> <span class='ocrx_word' id='word_1_636' title='bbox 1879 2431 2016 2484; x_wconf 84' lang='grc' dir='ltr'>μέντοι,</span> <span class='ocrx_word' id='word_1_637' title='bbox 2034 2433 2138 2487; x_wconf 72' lang='grc' dir='ltr'>φησιν</span> <span class='ocrx_word' id='word_1_638' title='bbox 2149 2432 2262 2482; x_wconf 83' lang='grc' dir='ltr'>αυτὸς,</span> 
     </span>
    </p>
   </div>
   <div class='ocr_carea' id='block_1_25' title="bbox 1241 2596 2264 2872">
    <p class='ocr_par' dir='ltr' id='par_1_29' title="bbox 1241 2596 2264 2872">
     <span class='ocr_line' id='line_1_89' title="bbox 1282 2596 2263 2638; baseline 0 -9"><span class='ocrx_word' id='word_1_639' title='bbox 1282 2597 1424 2630; x_wconf 83' lang='lat' dir='ltr'><strong>Timaeus</strong></span> <span class='ocrx_word' id='word_1_640' title='bbox 1440 2596 1566 2629; x_wconf 88' lang='lat' dir='ltr'><strong>Siculus</strong></span> <span class='ocrx_word' id='word_1_641' title='bbox 1579 2596 1642 2636; x_wconf 90' lang='lat' dir='ltr'><strong>ait,</strong></span> <span class='ocrx_word' id='word_1_642' title='bbox 1665 2596 1844 2628; x_wconf 90' lang='lat' dir='ltr'><strong>Diotimum</strong></span> <span class='ocrx_word' id='word_1_643' title='bbox 1863 2596 1956 2628; x_wconf 84' lang='lat' dir='ltr'><strong>classi</strong></span> <span class='ocrx_word' id='word_1_644' title='bbox 1976 2596 2160 2629; x_wconf 83' lang='lat' dir='ltr'><strong>Atheniensi</strong></span> <span class='ocrx_word' id='word_1_645' title='bbox 2184 2605 2263 2638; x_wconf 65' lang='lat' dir='ltr'><strong>prm·</strong></span> 
     </span>
     <span class='ocr_line' id='line_1_90' title="bbox 1241 2643 2264 2684; baseline -0.001 -8"><span class='ocrx_word' id='word_1_646' title='bbox 1241 2644 1373 2680; x_wconf 68' lang='lat' dir='ltr'><strong>sec-tum,</strong></span> <span class='ocrx_word' id='word_1_647' title='bbox 1392 2652 1493 2684; x_wconf 88' lang='lat' dir='ltr'><strong>quum</strong></span> <span class='ocrx_word' id='word_1_648' title='bbox 1507 2643 1661 2683; x_wconf 86' lang='lat' dir='ltr'><strong>Neapolin</strong></span> <span class='ocrx_word' id='word_1_649' title='bbox 1674 2643 1885 2684; x_wconf 86' lang='lat' dir='ltr'><strong>pervenisset,</strong></span> <span class='ocrx_word' id='word_1_650' title='bbox 1902 2643 2022 2675; x_wconf 82' lang='lat' dir='ltr'><strong>oraculi</strong></span> <span class='ocrx_word' id='word_1_651' title='bbox 2032 2644 2124 2684; x_wconf 85' lang='lat' dir='ltr'><strong>jussu</strong></span> <span class='ocrx_word' id='word_1_652' title='bbox 2137 2643 2264 2675; x_wconf 77' lang='lat' dir='ltr'><strong>Parthe-</strong></span> 
     </span>
     <span class='ocr_line' id='line_1_91' title="bbox 1241 2689 2262 2732; baseline 0 -10"><span class='ocrx_word' id='word_1_653' title='bbox 1241 2699 1335 2732; x_wconf 81' lang='lat' dir='ltr'><strong>nopae</strong></span> <span class='ocrx_word' id='word_1_654' title='bbox 1351 2699 1479 2722; x_wconf 89' lang='lat' dir='ltr'><strong>sacrum</strong></span> <span class='ocrx_word' id='word_1_655' title='bbox 1494 2690 1608 2722; x_wconf 85' lang='lat' dir='ltr'><strong>secisse</strong></span> <span class='ocrx_word' id='word_1_656' title='bbox 1627 2699 1822 2730; x_wconf 85' lang='lat' dir='ltr'><strong>cursumque</strong></span> <span class='ocrx_word' id='word_1_657' title='bbox 1838 2699 1915 2722; x_wconf 89' lang='lat' dir='ltr'><strong>cum</strong></span> <span class='ocrx_word' id='word_1_658' title='bbox 1928 2690 2052 2722; x_wconf 76' lang='lat' dir='ltr'><strong>facibus</strong></span> <span class='ocrx_word' id='word_1_659' title='bbox 2067 2689 2262 2729; x_wconf 71' lang='lat' dir='ltr'><strong>institiusse3</strong></span> 
     </span>
     <span class='ocr_line' id='line_1_92' title="bbox 1241 2737 2263 2778; baseline 0 -10"><span class='ocrx_word' id='word_1_660' title='bbox 1241 2737 1329 2769; x_wconf 86' lang='lat' dir='ltr'><strong>hunc</strong></span> <span class='ocrx_word' id='word_1_661' title='bbox 1347 2746 1477 2768; x_wconf 87' lang='lat' dir='ltr'><strong>cursum</strong></span> <span class='ocrx_word' id='word_1_662' title='bbox 1494 2738 1526 2768; x_wconf 88' lang='lat' dir='ltr'><strong>et</strong></span> <span class='ocrx_word' id='word_1_663' title='bbox 1545 2739 1707 2769; x_wconf 88' lang='lat' dir='ltr'><strong>certamen</strong></span> <span class='ocrx_word' id='word_1_664' title='bbox 1719 2746 1793 2769; x_wconf 91' lang='lat' dir='ltr'><strong>cum</strong></span> <span class='ocrx_word' id='word_1_665' title='bbox 1811 2737 1934 2769; x_wconf 83' lang='lat' dir='ltr'><strong>facibus</strong></span> <span class='ocrx_word' id='word_1_666' title='bbox 1954 2737 2153 2778; x_wconf 79' lang='lat' dir='ltr'><strong>Neapolitani</strong></span> <span class='ocrx_word' id='word_1_667' title='bbox 2171 2739 2263 2778; x_wconf 88' lang='lat' dir='ltr'><strong>quot·</strong></span> 
     </span>
     <span class='ocr_line' id='line_1_93' title="bbox 1241 2783 2264 2825; baseline 0.001 -10"><span class='ocrx_word' id='word_1_668' title='bbox 1241 2784 1334 2815; x_wconf 74' lang='lat' dir='ltr'><strong>amiis</strong></span> <span class='ocrx_word' id='word_1_669' title='bbox 1359 2783 1562 2824; x_wconf 86' lang='lat' dir='ltr'><strong>peragebant.</strong></span> <span class='ocrx_word' id='word_1_670' title='bbox 1636 2784 1799 2816; x_wconf 85' lang='lat' dir='ltr'><strong>Diotimus</strong></span> <span class='ocrx_word' id='word_1_671' title='bbox 1815 2784 1969 2825; x_wconf 79' lang='lat' dir='ltr'><strong>Neapolin</strong></span> <span class='ocrx_word' id='word_1_672' title='bbox 1989 2784 2090 2824; x_wconf 81' lang='lat' dir='ltr'><strong>venit,</strong></span> <span class='ocrx_word' id='word_1_673' title='bbox 2106 2793 2209 2825; x_wconf 88' lang='lat' dir='ltr'><strong>quum</strong></span> <span class='ocrx_word' id='word_1_674' title='bbox 2227 2785 2264 2816; x_wconf 86' lang='grc' dir='ltr'><strong>ιιι</strong></span> 
     </span>
     <span class='ocr_line' id='line_1_94' title="bbox 1242 2830 2126 2872; baseline 0 -11"><span class='ocrx_word' id='word_1_675' title='bbox 1242 2830 1488 2862; x_wconf 76' lang='lat' dir='ltr'><strong>Atheniensium</strong></span> <span class='ocrx_word' id='word_1_676' title='bbox 1502 2830 1622 2870; x_wconf 81' lang='lat' dir='ltr'><strong>praetor</strong></span> <span class='ocrx_word' id='word_1_677' title='bbox 1634 2839 1709 2862; x_wconf 90' lang='lat' dir='ltr'><strong>cum</strong></span> <span class='ocrx_word' id='word_1_678' title='bbox 1727 2831 1843 2863; x_wconf 88' lang='lat' dir='ltr'><strong>Siculis</strong></span> <span class='ocrx_word' id='word_1_679' title='bbox 1858 2831 1979 2863; x_wconf 87' lang='lat' dir='ltr'><strong>bellum</strong></span> <span class='ocrx_word' id='word_1_680' title='bbox 1994 2833 2126 2872; x_wconf 85' lang='lat' dir='ltr'><strong>gereret.</strong></span> 
     </span>
    </p>
   </div>
   <div class='ocr_carea' id='block_1_26' title="bbox 1675 2894 1813 2905">
    <p class='ocr_par' dir='ltr' id='par_1_30' title="bbox 1675 2894 1813 2905">
     <span class='ocr_line' id='line_1_95' title="bbox 1675 2894 1813 2905; baseline 0 779"><span class='ocrx_word' id='word_1_681' title='bbox 1675 2894 1813 2905; x_wconf 95' lang='lat' dir='ltr'><strong> </strong></span> 
     </span>
    </p>
   </div>
   <div class='ocr_carea' id='block_1_27' title="bbox 1627 2939 1877 3040">
    <p class='ocr_par' dir='ltr' id='par_1_31' title="bbox 1627 2939 1877 3039">
     <span class='ocr_line' id='line_1_96' title="bbox 1627 2939 1877 2979; baseline -0.004 -2"><span class='ocrx_word' id='word_1_682' title='bbox 1627 2939 1781 2978; x_wconf 87' lang='lat' dir='ltr'><strong>LIBER</strong></span> <span class='ocrx_word' id='word_1_683' title='bbox 1809 2941 1877 2979; x_wconf 91' lang='lat' dir='ltr'><strong>IX.</strong></span> 
     </span>
     <span class='ocr_line' id='line_1_97' title="bbox 1708 3008 1794 3040; baseline 0 -1"><span class='ocrx_word' id='word_1_684' title='bbox 1708 3008 1723 3039; x_wconf 90' lang='lat'>1</span> <span class='ocrx_word' id='word_1_685' title='bbox 1732 3009 1794 3040; x_wconf 90' lang='lat'><strong>00.</strong></span> 
     </span>
    </p>
   </div>
   <div class='ocr_carea' id='block_1_28' title="bbox 2294 2483 2320 2830">
    <p class='ocr_par' dir='ltr' id='par_1_32' title="bbox 2294 2483 2320 2830">
     <span class='ocr_line' id='line_1_98' title="bbox 2294 2483 2320 2830; textangle 90"><span class='ocrx_word' id='word_1_686' title='bbox 2294 2539 2320 2830; x_wconf 49' lang='lat' dir='ltr'><strong>‘&#39;mssmqffiz</strong></span> <span class='ocrx_word' id='word_1_687' title='bbox 2310 2483 2320 2523; x_wconf 50' lang='lat'><strong>2⁶:—</strong></span> 
     </span>
    </p>
   </div>
   <div class='ocr_carea' id='block_1_29' title="bbox 1281 3053 2304 3093">
    <p class='ocr_par' dir='ltr' id='par_1_33' title="bbox 1281 3053 2304 3093">
     <span class='ocr_line' id='line_1_99' title="bbox 1281 3053 2304 3093; baseline 0.001 -7"><span class='ocrx_word' id='word_1_688' title='bbox 1281 3054 1421 3086; x_wconf 67' lang='lat' dir='ltr'><strong>Timaus</strong></span> <span class='ocrx_word' id='word_1_689' title='bbox 1434 3053 1516 3085; x_wconf 86' lang='lat' dir='ltr'><strong>libro</strong></span> <span class='ocrx_word' id='word_1_690' title='bbox 1531 3062 1616 3085; x_wconf 90' lang='lat' dir='ltr'><strong>nono</strong></span> <span class='ocrx_word' id='word_1_691' title='bbox 1631 3055 1792 3086; x_wconf 88' lang='lat' dir='ltr'><strong>Socratem</strong></span> <span class='ocrx_word' id='word_1_692' title='bbox 1815 3053 1937 3093; x_wconf 62' lang='lat' dir='ltr'><strong>lapides</strong></span> <span class='ocrx_word' id='word_1_693' title='bbox 1955 3053 2098 3086; x_wconf 69' lang='lat' dir='ltr'><strong>caedendi</strong></span> <span class='ocrx_word' id='word_1_694' title='bbox 2125 3056 2226 3087; x_wconf 81' lang='lat' dir='ltr'><strong>artem</strong></span> <span class='ocrx_word' id='word_1_695' title='bbox 2242 3061 2264 3087; x_wconf 73' lang='grc' dir='ltr'>ι</span> <span class='ocrx_word' id='word_1_696' title='bbox 2294 3057 2304 3083; x_wconf 57' lang='grc' dir='ltr'><em>ἐ</em></span> 
     </span>
    </p>
   </div>
   <div class='ocr_carea' id='block_1_30' title="bbox 1240 3100 2263 3179">
    <p class='ocr_par' dir='ltr' id='par_1_34' title="bbox 1240 3100 2263 3179">
     <span class='ocr_line' id='line_1_100' title="bbox 1241 3100 2263 3143; baseline 0.002 -10"><span class='ocrx_word' id='word_1_697' title='bbox 1241 3103 1329 3142; x_wconf 89' lang='lat' dir='ltr'><strong>patre</strong></span> <span class='ocrx_word' id='word_1_698' title='bbox 1352 3100 1504 3133; x_wconf 87' lang='lat' dir='ltr'><strong>didicisse</strong></span> <span class='ocrx_word' id='word_1_699' title='bbox 1524 3100 1631 3139; x_wconf 76' lang='lat' dir='ltr'><strong>uadit,</strong></span> <span class='ocrx_word' id='word_1_700' title='bbox 1651 3102 1781 3141; x_wconf 86' lang='lat' dir='ltr'><strong>propter</strong></span> <span class='ocrx_word' id='word_1_701' title='bbox 1795 3102 1923 3133; x_wconf 65' lang='lat' dir='ltr'><strong>aetatem</strong></span> <span class='ocrx_word' id='word_1_702' title='bbox 1937 3109 2042 3140; x_wconf 89' lang='lat' dir='ltr'><strong>suam,</strong></span> <span class='ocrx_word' id='word_1_703' title='bbox 2072 3101 2136 3134; x_wconf 81' lang='lat' dir='ltr'><strong>tide</strong></span> <span class='ocrx_word' id='word_1_704' title='bbox 2149 3101 2263 3143; x_wconf 65' lang='lat' dir='ltr'><strong>dignifi-</strong></span> 
     </span>
     <span class='ocr_line' id='line_1_101' title="bbox 1240 3147 1352 3179; baseline 0 0"><span class='ocrx_word' id='word_1_705' title='bbox 1240 3147 1352 3179; x_wconf 84' lang='lat' dir='ltr'><strong>simus.</strong></span> 
     </span>
    </p>
   </div>
   <div class='ocr_carea' id='block_1_31' title="bbox 1713 3195 1799 3227">
    <p class='ocr_par' dir='ltr' id='par_1_35' title="bbox 1713 3195 1799 3227">
     <span class='ocr_line' id='line_1_102' title="bbox 1713 3195 1799 3227; baseline 0 -1"><span class='ocrx_word' id='word_1_706' title='bbox 1713 3195 1799 3227; x_wconf 84' lang='lat'><strong>102.</strong></span> 
     </span>
    </p>
   </div>
   <div class='ocr_carea' id='block_1_32' title="bbox 1281 3239 2298 3282">
    <p class='ocr_par' dir='ltr' id='par_1_36' title="bbox 1281 3239 2298 3282">
     <span class='ocr_line' id='line_1_103' title="bbox 1281 3239 2298 3282; baseline 0.004 -11"><span class='ocrx_word' id='word_1_707' title='bbox 1281 3240 1421 3272; x_wconf 83' lang='lat' dir='ltr'><strong>Timaeus</strong></span> <span class='ocrx_word' id='word_1_708' title='bbox 1437 3248 1514 3271; x_wconf 85' lang='lat' dir='ltr'><strong>vero</strong></span> <span class='ocrx_word' id='word_1_709' title='bbox 1534 3248 1639 3280; x_wconf 83' lang='lat' dir='ltr'><strong>neque</strong></span> <span class='ocrx_word' id='word_1_710' title='bbox 1661 3239 1785 3271; x_wconf 89' lang='lat' dir='ltr'><strong>Siculos</strong></span> <span class='ocrx_word' id='word_1_711' title='bbox 1802 3240 1847 3272; x_wconf 89' lang='lat' dir='ltr'><strong>ait</strong></span> <span class='ocrx_word' id='word_1_712' title='bbox 1863 3240 1928 3272; x_wconf 89' lang='lat' dir='ltr'><strong>ullo</strong></span> <span class='ocrx_word' id='word_1_713' title='bbox 1942 3241 2013 3273; x_wconf 91' lang='lat' dir='ltr'><strong>loco</strong></span> <span class='ocrx_word' id='word_1_714' title='bbox 2033 3241 2184 3274; x_wconf 71' lang='lat' dir='ltr'><strong>babuisse</strong></span> <span class='ocrx_word' id='word_1_715' title='bbox 2201 3241 2261 3282; x_wconf 76' lang='lat' dir='ltr'><strong>Gy·</strong></span> <span class='ocrx_word' id='word_1_716' title='bbox 2295 3274 2298 3275; x_wconf 13' lang='grc' dir='ltr'><em>γ</em></span> 
     </span>
    </p>
   </div>
   <div class='ocr_carea' id='block_1_33' title="bbox 1241 3287 2260 3422">
    <p class='ocr_par' dir='ltr' id='par_1_37' title="bbox 1241 3287 2260 3422">
     <span class='ocr_line' id='line_1_104' title="bbox 1241 3287 2260 3329; baseline 0.003 -11"><span class='ocrx_word' id='word_1_717' title='bbox 1241 3287 1361 3328; x_wconf 86' lang='lat' dir='ltr'><strong>lippum</strong></span> <span class='ocrx_word' id='word_1_718' title='bbox 1374 3310 1383 3325; x_wconf 95' lang='lat'><strong>,</strong></span> <span class='ocrx_word' id='word_1_719' title='bbox 1405 3287 1498 3327; x_wconf 76' lang='lat' dir='ltr'><strong>quus</strong></span> <span class='ocrx_word' id='word_1_720' title='bbox 1521 3289 1631 3327; x_wconf 81' lang='lat' dir='ltr'><strong>postea</strong></span> <span class='ocrx_word' id='word_1_721' title='bbox 1650 3287 1855 3327; x_wconf 81' lang='lat' dir='ltr'><strong>rapacitatem</strong></span> <span class='ocrx_word' id='word_1_722' title='bbox 1874 3297 2003 3329; x_wconf 86' lang='lat' dir='ltr'><strong>quoque</strong></span> <span class='ocrx_word' id='word_1_723' title='bbox 2024 3291 2056 3320; x_wconf 87' lang='lat' dir='ltr'><strong>et</strong></span> <span class='ocrx_word' id='word_1_724' title='bbox 2076 3288 2187 3321; x_wconf 80' lang='lat' dir='ltr'><strong>sordes</strong></span> <span class='ocrx_word' id='word_1_725' title='bbox 2204 3288 2260 3320; x_wconf 85' lang='lat' dir='ltr'><strong>im·</strong></span> 
     </span>
     <span class='ocr_line' id='line_1_105' title="bbox 1241 3333 2260 3376; baseline 0.001 -11"><span class='ocrx_word' id='word_1_726' title='bbox 1241 3333 1467 3375; x_wconf 85' lang='lat' dir='ltr'><strong>probaverint,</strong></span> <span class='ocrx_word' id='word_1_727' title='bbox 1485 3342 1539 3372; x_wconf 86' lang='lat' dir='ltr'><strong>ac,</strong></span> <span class='ocrx_word' id='word_1_728' title='bbox 1564 3336 1599 3364; x_wconf 91' lang='lat' dir='ltr'><strong>ut</strong></span> <span class='ocrx_word' id='word_1_729' title='bbox 1614 3335 1754 3374; x_wconf 80' lang='lat' dir='ltr'><strong>primum</strong></span> <span class='ocrx_word' id='word_1_730' title='bbox 1767 3337 1959 3375; x_wconf 87' lang='lat' dir='ltr'><strong>conspectus</strong></span> <span class='ocrx_word' id='word_1_731' title='bbox 1974 3336 2036 3375; x_wconf 85' lang='lat' dir='ltr'><strong>sit,</strong></span> <span class='ocrx_word' id='word_1_732' title='bbox 2059 3336 2175 3368; x_wconf 72' lang='lat' dir='ltr'><strong>laenam</strong></span> <span class='ocrx_word' id='word_1_733' title='bbox 2192 3334 2260 3376; x_wconf 75' lang='lat' dir='ltr'><strong>ejus</strong></span> 
     </span>
     <span class='ocr_line' id='line_1_106' title="bbox 1241 3380 2259 3422; baseline 0.002 -9"><span class='ocrx_word' id='word_1_734' title='bbox 1241 3390 1431 3422; x_wconf 86' lang='lat' dir='ltr'><strong>comamque</strong></span> <span class='ocrx_word' id='word_1_735' title='bbox 1445 3380 1606 3413; x_wconf 88' lang='lat' dir='ltr'><strong>derisisse.</strong></span> <span class='ocrx_word' id='word_1_736' title='bbox 1625 3383 1738 3413; x_wconf 88' lang='lat' dir='ltr'><strong>Postea</strong></span> <span class='ocrx_word' id='word_1_737' title='bbox 1756 3383 1861 3414; x_wconf 85' lang='lat' dir='ltr'><strong>tamen</strong></span> <span class='ocrx_word' id='word_1_738' title='bbox 1878 3382 1962 3415; x_wconf 83' lang='lat' dir='ltr'><strong>idern</strong></span> <span class='ocrx_word' id='word_1_739' title='bbox 1975 3383 2018 3414; x_wconf 85' lang='lat' dir='ltr'><strong>ait</strong></span> <span class='ocrx_word' id='word_1_740' title='bbox 2037 3383 2076 3415; x_wconf 89' lang='lat' dir='ltr'><strong>ad</strong></span> <span class='ocrx_word' id='word_1_741' title='bbox 2094 3382 2179 3415; x_wconf 82' lang='lat' dir='ltr'><strong>illius</strong></span> <span class='ocrx_word' id='word_1_742' title='bbox 2194 3384 2259 3414; x_wconf 76' lang='lat' dir='ltr'><strong>tan·</strong></span> 
     </span>
    </p>
   </div>
  </div>
 </body>
</html>
