2320 3684
199 173 2279 260 ffiffitfflffissssfffflfflfflfflfflfflfflffltffltffiffi

644 341 1837 510 CHARONIS

877 623 1605 738 FRAGMENTA.

1114 793 1370 813 w*—

559 899 794 940 ΠΕΡΣΙΚΑ.

229 1054 305 1103 Ap.
327 1049 520 1090 Plutarch.
540 1051 598 1088 De
611 1050 767 1102 malign.
785 1050 973 1089 Herodot.
988 1063 1027 1102 p.
1045 1050 1135 1101 859,
1157 1054 1206 1097 A,

177 1113 219 1158 B,
235 1109 469 1162 reprehenso
481 1109 696 1157 Herodoto,
709 1109 814 1160 quod
822 1117 1012 1147 narrasset
1027 1112 1206 1160 Pactyam

177 1170 356 1220 Lydium,
388 1169 603 1219 supplicem
623 1168 740 1220 Chiis,
757 1169 806 1207 ab
823 1169 960 1207 iisdem
982 1181 1003 1207 e
1019 1169 1207 1207 Minervae

178 1229 267 1267 fano
279 1228 397 1279 impie
420 1228 593 1266 avulsum
609 1227 736 1266 Persis
756 1227 951 1266 redditum
966 1227 1095 1277 fuisse,
1113 1241 1206 1278 per-

176 1289 255 1339 git:
273 1288 398 1328 Καίτοι
425 1286 557 1341 Χάρων
575 1289 594 1325 ὁ
612 1286 874 1340 Λαμψακηνὸς,
899 1285 987 1340 ἀνὴρ
1007 1286 1206 1341 πρεσὸύτε-

177 1361 232 1400 ρος
243 1375 253 1394 ,
273 1348 307 1385 ἐν
323 1352 394 1390 τοῖς
413 1345 495 1399 περὶ
509 1343 679 1392 Πακτύην
695 1344 810 1397 λόγοις
828 1344 1009 1397 γενόμενος
1020 1374 1031 1393 ,
1054 1348 1207 1384 τοιοῦτον

179 1403 275 1443 οὐδὲν
298 1403 378 1443 οὔτε
408 1404 661 1451 Μιτυληναίοις
679 1403 758 1442 οὔτε
777 1402 877 1447 Χίοις
899 1403 982 1455 ἄγος
999 1403 1208 1458 προστέτρι-

175 1479 273 1511 πται,
291 1462 392 1502 ταυτὶ
413 1461 448 1500 δὲ
467 1461 560 1501 κατὰ
585 1461 675 1508 λέξιν
697 1461 860 1516 γέγραφε·
885 1461 1082 1510 «Πακτύης
1102 1462 1138 1501 δὲ
1161 1464 1209 1506 ὡς

174 1521 318 1560 ἐπύθετο
347 1519 628 1575 προσελαύνοντα
655 1519 714 1558 τὸν
743 1519 890 1574 στρατὸν
926 1518 985 1558 τὸν
1017 1521 1206 1575 Περσικὸν,

173 1579 286 1633 ᾤχετο
309 1579 444 1633 φεύγων
462 1579 540 1633 ἄρτι
564 1577 626 1630 μὲν
647 1580 695 1622 εἷς
718 1578 937 1629 Μιτυλήνην,
960 1577 1081 1618 ἔπειτα
1100 1579 1137 1619 δὲ
1159 1581 1207 1624 εἷς

174 1637 273 1677 Χίον·
293 1638 353 1677 καὶ
374 1639 479 1676 αὐτοῦ
498 1637 670 1691 ἐκράτησε
686 1639 812 1691 Κῦρος.
825 1655 842 1673 υ

227 1755 421 1793 Plutarch.
453 1754 597 1793 ibidem
632 1769 670 1806 p.
707 1755 797 1803 861,
821 1758 865 1804 C,
893 1759 941 1803 D,
961 1756 1206 1795 Herodotum

173 1815 369 1853 narrando
380 1814 598 1865 corrupisse
609 1814 702 1852 dicit
719 1827 780 1852 res
792 1818 932 1852 Ionum
944 1823 984 1852 et
997 1815 1206 1853 Athenien—

174 1875 272 1912 sium
296 1875 344 1913 ad
366 1874 506 1914 Sardes
534 1883 658 1925 gestas
689 1882 727 1912 et
756 1875 954 1913 reticuisse
976 1876 1204 1927 praeclarum

171 1932 448 1971 Eretriensium
458 1932 582 1970 bacin
596 1946 636 1970 re
647 1933 806 1972 facinus.
821 1935 949 1980 Quare
969 1935 1051 1972 haec
1064 1935 1207 1973 Charo-

173 1991 232 2028 nis
251 1991 370 2029 verba
389 1990 573 2029 adscribit
588 2006 597 2028 :
612 1991 816 2039 «Ἀθηναῖοι
837 1991 874 2030 δὲ
894 1991 1003 2032 εἴκοσι
1030 1993 1204 2046 τριήρεσιν

172 2048 344 2102 ἔπλευσαν
361 2049 647 2103 ἐπικουρήσοντες
674 2055 744 2095 τοῖς
762 2050 883 2098 Ἴωσι,
907 2050 967 2089 καὶ
991 2052 1039 2096 εἷς
1059 2050 1205 2106 Σάρδεις

172 2108 461 2162 ἐστρατεύσαντο·
490 2107 550 2147 καὶ
577 2102 667 2147 εἶλον
698 2107 741 2147 τὰ
765 2108 845 2164 περὶ
870 2109 1017 2163 Σάρδεις
1044 2109 1204 2161 ἅπαντα,

172 2166 278 2220 χωρὶς
291 2169 351 2206 τοῦ
369 2166 505 2219 τείχους
522 2171 583 2206 τοῦ
602 2167 797 2219 βασιληίου·
825 2171 934 2207 ταῦτα
948 2167 985 2207 δὲ
997 2167 1204 2217 ποιήσαντες

173 2226 441 2280 ἐπαναχωροῦσι
462 2228 509 2270 εἷς
531 2226 704 2274 Μίλητον.
717 2245 733 2261 »

223 2342 429 2381 Athenaeus
447 2346 518 2391 IX,
538 2357 575 2395 p.
597 2343 686 2394 394,
702 2347 733 2382 E
760 2343 890 2396 (quem
913 2345 1115 2396 exscripsit
1135 2349 1203 2384 AE—

171 2400 296 2438 lianus
327 2404 374 2439 V.
411 2402 456 2439 H.
490 2405 521 2449 Ι,
563 2401 650 2455 15):
679 2401 810 2456 Χάρων
852 2402 883 2440 δ’
899 2403 919 2440 ὁ
939 2402 1201 2457 Λαμψακηνὸς,

172 2458 207 2496 ἓν
244 2464 315 2502 τοῖς
348 2460 556 2512 Περσικοῖς,
589 2460 670 2513 περὶ
712 2460 912 2512 Μαρδονίου
947 2461 1109 2514 ἱστορῶν,
1142 2460 1203 2500 καὶ

170 2520 228 2555 τοῦ
257 2517 500 2571 διαφθαρέντος
536 2521 684 2571 στρατοῦ
721 2520 896 2572 Περσικοῦ
919 2518 1000 2571 περὶ
1017 2519 1074 2558 τὸν
1094 2517 1202 2570 Ἄθω,

169 2575 295 2630 γράφει
311 2575 372 2614 καὶ
384 2579 503 2615 ταῦτα·
530 2576 630 2616 «Καὶ
648 2577 769 2616 λευκαὶ
787 2578 989 2632 περιστεραὶ
1013 2578 1092 2617 τότε
1108 2581 1203 2632 πρῶ-

1266 918 1325 942 τον
1353 906 1400 948 εἷς
1427 904 1607 953 Ἕλληνας
1643 906 1833 961 ἐφάνησαν,
1868 910 2035 965 πρότερον
2062 914 2102 952 οὗ
2129 915 2292 970 γιγνόμε-

1266 977 1335 1001 ναι.
1344 981 1360 998 ὶ)

1766 1028 1801 1065 4.

1320 1082 1547 1123 Tertullian.
1567 1087 1626 1122 De
1636 1085 1763 1124 anima
1771 1099 1855 1138 cap.
1869 1088 1932 1136 46,
1944 1097 2150 1141 postquam
2159 1094 2296 1144 Astya-

1266 1139 1323 1190 gis
1343 1140 1391 1179 de
1408 1142 1602 1181 Mandane
1615 1143 1692 1182 filia
1705 1146 1908 1196 somnium,
1927 1149 2169 1189 Herodotum
2188 1164 2296 1190 secu-

1268 1206 1341 1247 tus,
1363 1202 1555 1251 exposuit,
1574 1201 1730 1253 subjicit
1742 1204 1860 1243 illud:
1880 1222 1896 1240 «
1910 1209 1995 1245 Hoc
2007 1208 2121 1248 etiam
2140 1210 2294 1250 Charon

1267 1259 1563 1309 Lampsacenus,
1584 1261 1785 1301 Herodoto
1806 1264 1927 1314 prior,
1942 1266 2096 1306 tradit.»

1660 1353 1882 1369 *000*—

1632 1423 1903 1465 EAAHNIKA.

1320 1575 1366 1610 In
1396 1569 1616 1619 Ἑλληνικοῖς
1650 1575 1751 1614 tradi
1778 1578 1907 1628 potuit
1939 1578 2043 1629 quod
2067 1579 2182 1618 habet
2209 1581 2294 1619 Plu-

1269 1630 1425 1668 tarchus
1445 1631 1484 1668 in
1506 1632 1691 1671 Themist.
1721 1647 1752 1673 c.
1777 1648 1848 1684 273
1875 1637 2034 1686 ponitur
2063 1637 2118 1675 ibi
2140 1638 2294 1677 Charon

1265 1691 1552 1739 Lampsacenus
1571 1691 1611 1728 in
1631 1704 1766 1730 eorum
1789 1706 1953 1732 numero
1973 1694 2215 1746 scriptorum,
2229 1697 2296 1748 qui

1266 1747 1566 1786 Themistoclem
1591 1749 1821 1788 tradiderint
1845 1751 1895 1789 ad
1922 1755 2179 1792 Artaxerxem
2202 1769 2295 1807 sup-

1266 1806 1407 1857 plicem
1426 1806 1594 1856 venisse,
1609 1821 1718 1846 secus
1736 1817 1851 1860 atque
1874 1810 1952 1860 alii,
1971 1811 2037 1862 qui
2059 1825 2142 1851 eam
2166 1813 2294 1866 fugam

1264 1872 1395 1907 Xerxe
1409 1869 1499 1907 vivo
1523 1868 1664 1907 factam
1682 1883 1764 1908 esse
1792 1871 1980 1911 dixerant.
2002 1877 2081 1914 Nec
2102 1876 2227 1915 minus
2254 1879 2294 1916 iu

1265 1927 1429 1978 proclivi
1442 1935 1500 1965 est
1518 1928 1710 1979 conjicere
1721 1929 1893 1979 potuisse
1909 1930 2011 1970 inter
2028 1946 2068 1971 se
2083 1937 2293 1984 permutari

1265 1986 1456 2024 Charonis
1475 1986 1735 2038 Characisque
1755 1986 1948 2037 Ἑλληνικὰ
1964 2003 1999 2029 v.
2015 2004 2047 2030 c.
2063 1993 2104 2030 in
2129 1994 2294 2045 Stepha-

1263 2057 1315 2082 no
1331 2045 1518 2095 Byzantio
1540 2059 1569 2084 s.
1589 2059 1626 2084 v.
1650 2045 1867 2100 Ἀδράστεια,
1891 2047 1958 2086 ubi
1975 2047 2096 2103 Χάραξ
2116 2051 2294 2091 laudatur

1263 2101 1483 2151 Ἑλληνικῶν
1502 2103 1656 2159 δευτέρᾳ.
1681 2105 1758 2144 Sed
1781 2106 1947 2145 certiore
1964 2107 2114 2158 judicio
2128 2109 2176 2147 ad
2197 2110 2292 2149 Hel-

1263 2162 1387 2200 lenica
1405 2162 1547 2201 referas
1570 2163 1668 2201 illud
1690 2164 1795 2215 apud
1817 2166 2042 2204 Pausaniam
2060 2169 2112 2215 X,
2141 2168 2211 2215 38;
2235 2166 2294 2207 Τὰ

1263 2219 1300 2259 δὲ
1313 2219 1382 2268 ἔτι-η
1404 2219 1448 2260 τὰ
1459 2220 1673 2261 Ναυπάκτια
1691 2222 1934 2275 ὀνομαζόμενα
1951 2223 2019 2263 ὑπὸ
2029 2223 2213 2273 εΕλλήνων
2227 2227 2290 2264 ἄν-

1263 2278 1317 2333 δρὶ
1337 2281 1534 2319 ἐσποιοῦσιν
1551 2282 1583 2319 οἳ
1602 2280 1726 2320 πολλοὶ
1743 2282 1923 2336 Μιλησίῳ·
1937 2282 2068 2337 Χάρων
2082 2282 2119 2322 δὲ
2132 2286 2150 2323 ὁ
2166 2283 2291 2324 Πύθεώ

1262 2353 1367 2392 φησιν
1391 2337 1480 2377 αὐτὰ
1503 2341 1649 2387 ποιῆσαι
1673 2340 1901 2381 Ναυπάκτιον
1924 2342 2112 2395 Καρκίνον·
2135 2342 2290 2395 ἑπόμεθα

1263 2396 1299 2435 δὲ
1315 2396 1375 2436 καὶ
1394 2399 1553 2451 ἧμεῒςτῇ
1566 2401 1626 2438 τοῦ
1649 2400 1898 2454 Λαμψακηνοῦ
1920 2399 2014 2453 δόξῃ·
2038 2400 2117 2440 τίνα
2139 2399 2207 2455 γὰρ
2229 2400 2288 2440 καὶ

1261 2456 1363 2510 λόγον
1386 2457 1462 2510 ἔχοι
1478 2456 1521 2496 ἂν
1537 2456 1655 2498 ἔπεσιν
1674 2458 1795 2513 ἀνδρὸς
1807 2459 1984 2508 Μιλησίου
1997 2459 2243 2512 πεποιημένοις
2255 2463 2288 2505 ἐς

1262 2521 1447 2567 γυναῖκας,
1463 2516 1604 2564 τεθῆναί
1621 2533 1736 2571 σφισιν
1755 2517 1866 2571 ὄνομα
1880 2519 2114 2569 Ναυπάκτια;

1662 2609 1882 2625 Μ’-

554 2688 817 2728 PERSICA.

212 2823 254 2853 At
264 2822 371 2854 Charo
380 2823 623 2863 Lampsacenus
639 2823 733 2854 aetate
766 2821 953 2863 (Herodoto)
970 2822 1068 2862 prior,
1083 2821 1140 2853 uhi
1157 2821 1197 2854 de

171 2870 290 2909 Pactya
303 2869 332 2901 ei
349 2877 455 2901 sermo
470 2870 532 2909 est,
545 2869 672 2902 nullum
684 2869 748 2901 tale
762 2878 868 2910 neque
882 2868 1074 2909 Mitylenaeis
1092 2877 1197 2909 neque

172 2916 262 2947 Chiis
276 2915 435 2957 flagitium
449 2916 598 2957 imputat.
609 2917 688 2949 Haec
697 2919 805 2949 autem
815 2919 892 2948 sunt
901 2917 971 2957 ejus
981 2914 1095 2948 verba:
1113 2927 1129 2943 «
1141 2918 1197 2948 Pa-

171 2965 274 3001 ctyas,
288 2963 400 2996 audito
413 2964 590 2996 exercitum
598 2963 764 2996 Persicum
774 2963 1042 3004 appropinquare,
1053 2962 1197 3003 profugit

171 3008 275 3049 primo
282 3010 481 3051 Mitylenam,
490 3010 607 3043 deinde
616 3011 650 3043 in
659 3011 778 3044 chium
788 3020 796 3042 z
805 3018 944 3051 eumque
953 3009 1038 3052 cepit
1047 3011 1165 3050 cyrus.
1178 3023 1193 3037 u

214 3125 229 3139 α
246 3113 456 3147 Athenienses
475 3117 583 3148 autem
597 3116 710 3158 viginti
726 3115 913 3149 triremibus
931 3115 1138 3156 navigarunt,
1157 3117 1195 3147 ut

171 3159 329 3191 auxilium
344 3161 464 3194 ferrent
478 3163 624 3204 Ionibus,
646 3166 679 3196 et
697 3164 738 3196 ad
751 3163 867 3196 Sardes
879 3162 1084 3203 expeditione
1096 3162 1192 3202 facta,

170 3206 280 3238 omnia
295 3207 380 3239 circa
397 3217 468 3240 eam
483 3210 596 3242 urbem
617 3213 787 3251 ceperunt,
808 3212 942 3251 excepta
954 3209 1133 3242 munitione
1148 3218 1194 3242 re·

171 3253 223 3292 gia
237 3265 245 3284 ε
269 3253 318 3286 his
334 3255 414 3287 actis
428 3256 574 3288 Miletum
592 3260 802 3290 reverterunt.
818 3271 833 3286 ν

667 3318 700 3349 3.

212 3365 340 3397 Charon
359 3374 433 3398 vero
450 3368 700 3409 Lampsacenus,
729 3370 762 3400 in
781 3370 931 3410 Persicis,
955 3369 1010 3401 ubi
1046 3369 1086 3402 de
1109 3371 1192 3402 Mar-

1256 2689 1356 2722 donio
1375 2690 1520 2731 loquitur
1537 2692 1570 2724 et
1586 2691 1626 2724 de
1646 2693 1819 2724 Persarum
1836 2692 1978 2725 exercitu
2006 2692 2063 2734 qui
2089 2693 2175 2726 circa
2199 2693 2285 2726 Atho

1256 2738 1402 2768 montem
1418 2737 1525 2778 periit,
1542 2738 1613 2770 haec
1631 2739 1730 2771 simul
1746 2739 1859 2771 scribit
1873 2749 1880 2771 :
1905 2752 1921 2767 «ι
1938 2741 1981 2772 Et
1994 2742 2074 2772 tunc
2087 2740 2229 2781 primum
2247 2740 2282 2772 in

1257 2783 1383 2815 Graecia
1402 2786 1584 2826 conspectae
1599 2788 1676 2818 sunt
1697 2785 1780 2818 albae
1802 2785 1962 2819 columbae
1975 2810 1985 2828 ,
2006 2795 2080 2828 quae
2095 2786 2194 2819 nullae
2208 2788 2282 2820 ante

1255 2828 1290 2861 id
1306 2830 1436 2872 tempus
1450 2830 1587 2863 fuerant.
1603 2844 1620 2860 ι»

1667 2899 1886 2915 *OQ—-

1590 2968 1942 3009 HELLENICA.

1295 3091 1376 3127 Quae
1394 3097 1413 3120 a
1427 3087 1551 3120 Graecis
1568 3088 1744 3129 Naupactia
1757 3089 1902 3121 carmina
1919 3088 2084 3129 dicuntur,
2100 3089 2276 3123 attribuun-

1252 3136 1307 3167 tur
1321 3144 1360 3167 ea
1379 3135 1478 3176 vulgo
1494 3134 1621 3167 Milesio
1636 3135 1759 3167 homini
1771 3158 1782 3176 ,
1810 3135 1869 3168 sed
1889 3135 2019 3168 Charon
2053 3137 2168 3178 Pythei
2193 3137 2278 3170 fliius

1252 3184 1415 3214 auctorem
1434 3189 1547 3214 eorum
1565 3180 1713 3223 perhibet
1728 3182 1943 3223 Naupactium
1963 3183 2149 3216 Carcinum.
2179 3183 2278 3217 Nobis
2300 3211 2309 3214 -

1252 3230 1337 3261 certe
1355 3229 1566 3269 Lampsaceni
1584 3228 1725 3260 hominis
1740 3228 1895 3270 probatur
1908 3229 2077 3262 sententia.
2106 3232 2187 3262 Nam
2203 3239 2277 3272 quae

1251 3275 1383 3308 tandem
1401 3275 1484 3307 ratio
1497 3274 1605 3307 afferri
1621 3277 1744 3316 potest,
1765 3275 1974 3316 quamobrem
1990 3285 2106 3309 versus
2120 3300 2130 3317 ‚
2144 3285 2227 3317 quos
2243 3276 2275 3308 in

1251 3322 1387 3354 seminas
1402 3321 1549 3354 Milesius
1568 3322 1668 3354 homo
1690 3322 1841 3362 fecisset,
1868 3323 2121 3364 Naupactiorum
2145 3323 2276 3355 nomine

1251 3369 1517 3402 circumferantur
1527 3371 1541 3401 ἓ
