2320 3684
146 195 222 230 ³28

868 185 1170 226 THEOPOMPI
1198 186 1534 227 FRAGMENTA.

143 293 224 326 πος,
247 280 358 332 ῥεῦμα
374 278 434 316 καὶ
454 276 614 316 κλύδωνα
633 274 790 325 πολέμου
810 273 987 326 μάχεσθαι
1004 273 1084 318 τους
1097 276 1171 314 Λα·
1200 275 1206 336 ἰ
1231 274 1344 323 δίτην,
1377 275 1416 314 τὸ
1448 275 1484 314 δὲ
1519 274 1582 329 ἔαρ
1609 275 1855 330 Περσεφόνην·
1889 278 1928 316 ἐκ
1960 276 1995 316 δὲ
2031 277 2169 332 Κρόνου
2195 279 2256 320 καὶ

143 352 182 374 κε
185 337 397 388 δαιμονίους,
418 335 508 376 ἀλλὰ
527 334 571 374 τὰ
601 333 694 386 μέσα
716 336 779 379 τῆς
805 332 940 376 πόλεως
963 333 1022 371 καὶ
1045 332 1172 386 κυριώ-

143 411 232 434 τατα
251 401 322 439 τοῖς
346 394 503 438 ὁπλίταις
534 408 700 447 περιέσπε
704 390 885 445 ιραμένος,
908 390 1086 446 ἐκαρτέρει
1115 390 1218 436 τὰς

145 453 291 497 ἀπειλὰς
310 453 368 493 καὶ
389 453 450 496 τὰς
480 451 720 504 μεγαλαυχίας
741 452 811 488 τῶν
831 449 1017 497 Θηὸαίων,
1036 464 1175 504 προκα-

144 511 323 563 λουμένων
352 513 481 550 ἐκεῖνον
515 509 703 561 ὀνομαστὶ,
735 508 794 547 καὶ
828 509 1062 560 διαμάχεσθαι
1095 525 1139 547 πε
1143 509 1175 564 ρὶ

144 573 207 617 τῆς
231 571 351 623 χώρας
380 568 606 618 κελευόντων,
625 568 661 612 ὃς
684 569 754 606 τῶν
784 570 902 606 κακῶν
932 566 1040 611 αἴτιος
1068 567 1175 616 ἐστὶν,

145 627 321 671 ἐκκαύσας
346 627 404 666 τὸν
438 627 605 678 πόλεμον.
636 626 719 679 Οὖχ
744 631 849 674 ἧττον
875 624 912 664 δὲ
937 624 1067 664 τούτων
1095 625 1176 664 ἐλύ-

146 702 232 725 πουν
252 702 311 725 τον
330 686 537 738 Ἀγησίλαον
564 688 595 724 οἱ
623 685 715 723 κατὰ
734 684 797 732 τὴν
826 683 927 723 πόλιν
945 683 1083 738 θόρυὸοι
1117 684 1176 723 καὶ

145 745 296 799 κραυγα)Ι
314 744 374 783 καὶ
394 744 580 798 διαδρομαὶ
600 747 671 783 τῶν
690 742 934 798 πρεσὸυτέρων
955 744 1180 796 δυσανασχε-

145 803 298 843 τούντων
315 803 359 842 τὰ
383 803 551 856 γινόμενα
564 834 574 853 ,
593 803 654 842 καὶ
675 805 744 842 τῶν
764 805 938 854 γυναικῶν
959 803 998 840 οὗ
1021 802 1176 854 δυναμέ-

146 879 214 902 νων
241 863 448 916 ἡσυχάζειν,
479 861 571 901 ἀλλὰ
597 861 823 900 παντάπασιν
857 859 1033 915 ἐκφρόνων
1066 863 1179 900 οὐσῶν

146 922 232 977 πρός
252 938 291 961 τε
310 921 374 968 τὴν
395 921 550 977 κραυγὴν
571 921 631 960 καὶ
649 921 690 959 τὸ
708 923 778 974 πῦρ
802 922 872 959 τῶν
901 920 1094 972 πολεμίων.
1123 922 1177 960 Cf.

147 982 307 1022 Diodor.
328 986 417 1030 XV,
435 983 483 1019 62
505 995 560 1033 sq.

203 1099 311 1137 Idem
337 1097 433 1136 ibid.
469 1112 507 1150 p.
542 1098 641 1147 614,
663 1100 713 1146 C,
743 1111 774 1135 c.
803 1098 850 1135 32
871 1112 880 1135 ε
900 1096 1112 1149 Θεόπομπος
1143 1097 1181 1136 δέ

148 1173 267 1211 φησιν,
291 1157 360 1205 ἤδη
391 1159 460 1195 τῶν
502 1158 740 1210 Βοιωταρχῶν
773 1156 975 1207 ἐγνωκότων
1005 1157 1180 1210 ἀπαίρειν,

150 1215 336 1270 ἀφικέσθαι
354 1215 440 1270 πρὸς
469 1215 595 1260 αὐτοὺς
620 1215 766 1270 Φρίξον,
797 1214 905 1268 ἄνδρα
937 1215 1180 1269 Σπαρτιάτην,

150 1277 233 1330 παρ’
254 1276 464 1330 Ἀγησιλάου
485 1276 570 1315 δέκα
588 1275 746 1314 τάλαντα
771 1274 979 1326 κομίζοντα,
1003 1278 1064 1322 τ’ῆς
1093 1277 1182 1313 ἀνα-

150 1335 340 1390 χωρήσεως
358 1334 481 1387 μισθόν
495 1351 503 1359 ·
525 1334 616 1373 ὥστε
645 1334 690 1372 τὰ
721 1333 833 1372 πάλαι
853 1332 1043 1385 δεδογμένα
1064 1334 1182 1387 πράτ-

150 1410 267 1433 τουσιν
301 1396 418 1437 αὐτοῖς
447 1393 582 1448 ἐφόδιον
613 1391 711 1446 παρὰ
736 1394 805 1430 τῶν
831 1392 1008 1444 πολεμίων
1028 1408 1183 1446 προσγε-

151 1454 280 1495 νέσθαι.

206 1531 220 1547 «
242 1512 354 1562 Quod
372 1514 453 1563 jam
480 1512 630 1563 pridem
657 1511 872 1562 suspicatus
891 1524 975 1548 sum
996 1512 1070 1561 (De
1087 1511 1183 1549 font.

152 1582 190 1610 et
208 1580 308 1610 auct.
334 1574 374 1610 C.
398 1575 495 1622 Nep.
521 1585 558 1622 p.
578 1571 655 1622 69),
673 1583 758 1621 quae
776 1570 880 1608 hunc
898 1571 1025 1608 locum
1043 1583 1183 1621 praece-

154 1632 273 1679 dunt,
308 1631 523 1682 praesertim
554 1630 601 1667 de
631 1629 820 1680 Agesilao,
846 1630 935 1680 qui,
964 1630 1111 1667 veritus
1137 1643 1185 1667 ne

154 1690 415 1727 adolescentes
435 1689 612 1740 quidam,
633 1697 824 1739 occupato
836 1687 917 1738 jam
939 1688 989 1726 ab
1018 1689 1063 1725 iis
1082 1692 1183 1726 Issa-

154 1750 224 1795 rio,
246 1749 285 1785 in
306 1762 383 1799 quo
405 1748 590 1799 templum
612 1747 756 1795 Dianae,
777 1760 836 1784 res
856 1760 975 1784 novas
1003 1747 1185 1785 moliren—

156 1817 218 1845 tur
247 1816 283 1846 et
313 1807 361 1844 ad
390 1806 597 1845 Thebanos
629 1806 930 1856 transfugerent,
965 1806 1100 1844 callide
1119 1819 1185 1844 eos

154 1866 202 1904 ab
246 1866 409 1917 inceptis
460 1865 702 1903 revocaverit
726 1894 736 1913 ,
779 1864 886 1914 quod
932 1864 1065 1911 etiam,
1116 1865 1186 1901 etsi

154 1925 284 1976 paullo
304 1925 429 1974 aliter,
450 1925 581 1962 retulit
596 1927 725 1974 Nepos
744 1925 857 1973 Ages.
873 1936 904 1959 c.
922 1923 963 1970 65
977 1935 1021 1960 ea
1040 1931 1187 1961 utrum—

155 1999 230 2035 que
260 1998 393 2022 eorum
424 1998 444 2021 e
473 1984 729 2034 Theopompo
756 1981 957 2033 petivisse3
976 1981 1016 2018 id
1047 1982 1185 2020 etiam—

156 2057 248 2081 num
280 2043 445 2081 maxime
472 2051 587 2093 puto,
616 2055 735 2092 quum
767 2054 812 2078 ea
837 2041 885 2078 de
906 2054 946 2078 re
964 2040 1059 2078 nihil
1083 2042 1186 2093 apud

156 2103 460 2153 Xenophontem
478 2109 669 2138 occurrat.
690 2118 705 2134 n
725 2100 905 2138 Wichers.

209 2220 438 2258 Plutarchus
468 2222 517 2256 Is.
546 2227 584 2255 et
611 2221 672 2256 Os.
699 2231 737 2268 p.
765 2218 841 2264 378
872 2231 880 2254 :
916 2215 1004 2260 Τοὺς
1032 2215 1068 2254 δὲ
1103 2215 1188 2270 πρὸς

157 2277 307 2332 ἑσπέραν
329 2280 508 2320 οἰκοῦντας
535 2279 666 2329 ἱστορεῖ
697 2275 910 2326 Θεόπομπος
937 2277 1097 2328 ἡγεῖσθαι
1128 2274 1188 2313 καὶ

157 2341 289 2386 καλεῖν,
307 2337 366 2376 τὸν
390 2335 450 2388 μὲν
471 2338 630 2388 χειμῶνα
653 2335 800 2388 Κρόνον,
820 2334 860 2372 τὸ
886 2332 921 2372 δὲ
951 2332 1048 2387 θέρος
1068 2333 1190 2387 Ἀφρο-

1203 651 1213 1263 l

1209 1467 1222 2371 ——..——-.-————-—--—--————-—·

1233 332 1436 387 Ἀφροδίτης
1455 337 1642 386 γεννᾶσθαι
1659 334 1787 373 πάντα.

1701 393 1790 431 294.

1287 451 1412 500 Idem,
1443 455 1529 490 Non
1559 465 1671 503 posse
1693 466 1798 490 suav.
1825 452 1901 490 viv.
1918 482 1929 500 ‚
1960 461 2032 491 cet.
2064 467 2101 505 p.
2135 457 2259 505 1093:

1233 507 1298 552 Τίς
1313 509 1343 546 δ’
1359 507 1400 547 ἂν
1417 509 1540 557 ἡσθείη
1558 509 1911 561 συναναπαυσάμενος
1932 513 1976 571 τῇ
2003 510 2173 564 καλλίστῃ
2193 529 2260 565 γυ-

1233 567 1326 606 ναικὶ
1348 569 1480 619 μᾶλλον
1509 567 1531 615 ἢ
1564 568 1880 622 προσαγρυπνήσας
1921 572 1970 612 οἷς
1999 568 2151 624 γέγραφε
2179 571 2260 626 περὶ

1236 655 1299 666 .....
1316 625 1454 674 Θίσὸης
1475 627 1686 678 [Wyttenb.
1703 641 1751 664 ex
1770 627 2260 681 0011.Θήὸης]Θεόπομπος;

1707 686 1796 727 295

1287 743 1496 781 Athenaeus
1527 747 1624 794 1‚.p
1653 745 1715 792 26,
1736 748 1777 792 B,
1798 747 1852 783 C.
1876 743 2086 797 Θεόπομπος
2108 745 2147 785 δέ
2177 762 2263 802 φησι

1235 801 1332 855 παρὰ
1363 802 1461 846 Χίοις
1489 802 1640 856 πρώτοις
1667 802 1826 854 γενέσθαι
1848 803 1906 842 τὸν
1929 804 2063 856 μέλανα
2089 800 2180 846 οἶνον
2202 807 2264 846 καὶ

1235 860 1275 899 τὸ
1294 859 1452 915 φυτεύειν
1472 860 1508 899 δὲ
1529 861 1591 900 καὶ
1608 861 1810 915 τεραπεύειν
1833 863 2010 915 ἀμπέλους
2034 864 2140 909 Χίους
2163 866 2264 918 πρώ-

1236 936 1316 963 τους
1335 919 1509 971 μαθόντας
1525 921 1608 973 παρ’
1635 921 1851 966 Οἰνοπίωνος
1868 926 1928 960 τοῦ
1949 922 2132 973 Διονύσου,
2151 923 2186 968 ὃς
2204 925 2265 964 καὶ

1238 977 1408 1032 συνῴκισε
1426 978 1490 1026 τὴν
1509 982 1626 1029 νῆσον,
1645 986 1715 1024 τοῖς
1735 979 1852 1024 ἄλλοις
1870 981 2062 1036 ἀνθρώποις
2092 984 2266 1034 μεταδοῦ-

1238 1054 1308 1078 ναι.
1327 1039 1382 1077 Cf.
1400 1039 1534 1090 Steph.
1559 1042 1652 1090 Byz.
1669 1053 1706 1078 v.
1731 1041 1828 1083 Χῖος.

1291 1098 1345 1137 Cf.
1365 1098 1527 1136 Diodor.
1542 1102 1591 1147 V,
1613 1113 1685 1148 79:
1703 1097 1772 1137 ΔΟν
1798 1099 2029 1152 (Οἰνοπίωνα)
2052 1099 2136 1139 ἔνιοι
2162 1104 2268 1153 μυθο-

1238 1158 1394 1208 λογοῦσι·
1416 1156 1585 1195 Διονύσου
1611 1156 1810 1208 γενόμενον,
1836 1161 1957 1209 μαθεῖν
1984 1158 2082 1214 παρὰ
2107 1164 2168 1199 τοῦ
2197 1177 2267 1200 πα-

1239 1215 1318 1268 τρὸς
1344 1214 1407 1262 τὴν
1437 1214 1638 1254 οἰνοποιίαν.
1672 1220 1768 1264 Quae
1803 1218 2010 1256 Pausanias
2041 1221 2136 1269 VII,
2155 1226 2202 1268 1,,
2221 1220 2269 1258 de

1241 1275 1469 1325 OEnopione
1495 1283 1648 1323 narrat,
1679 1275 1915 1314 Wichersius
1934 1290 1983 1314 ex
2011 1278 2270 1330 Theopompo

1241 1333 1442 1383 depromta
1461 1334 1688 1384 suspicatur,
1721 1343 1930 1384 propterea
1960 1336 2065 1386 quod
2097 1337 2153 1375 ibi
2180 1351 2270 1376 ver-

1241 1391 1334 1430 bum
1366 1398 1517 1446 κατᾶραι
1544 1405 1617 1443 pro
1650 1393 1759 1430 ἐλθεῖν
1798 1403 2069 1444 usurparetur,
2107 1409 2183 1447 qua
2219 1397 2271 1435 si-

1242 1451 1485 1501 gnificatione
1530 1452 1629 1488 hanc
1665 1465 1802 1490 vocem
1833 1453 1937 1504 apud
1973 1454 2271 1507 Theopompum

1243 1509 1317 1560 legi
1350 1517 1510 1547 testatur
1538 1511 1820 1549 Grammaticus
1846 1511 1885 1549 in
1919 1513 2060 1550 Anecd.
2084 1514 2200 1552 Bekk.
2228 1517 2270 1563 Ii,

1243 1582 1282 1620 p.
1307 1575 1393 1617 104,
1423 1570 1481 1608 16.

1701 1628 1790 1668 296.

1296 1687 1403 1725 Idem
1423 1690 1453 1734 Ι,
1472 1700 1508 1737 p.
1529 1688 1592 1735 34,
1607 1691 1642 1725 A
1661 1702 1670 1725 :
1690 1687 1776 1727 ζὈτι
1795 1691 1813 1727 ὁ
1831 1688 2045 1741 Θεόπομπος
2061 1693 2080 1729 ὃ
2109 1691 2193 1735 Χῖος
2208 1690 2273 1739 τὴν

1245 1745 1402 1797 ἄμπελον
1431 1747 1563 1798 ἱστορεῖ
1598 1747 1807 1799 ευρεθηναι
1792 1763 1827 1785 εν
1864 1748 2048 1802 Ὀλυμπία
2070 1749 2199 1823 παρὰ
2213 1749 2274 1789 τὸν

1246 1804 1414 1858 Ἀλφειὸν,
1442 1803 1553 1842 >codd
1531 1820 1586 1843 οτι
1613 1821 1675 1851 της
1712 1805 1854 1850 Ἠλείας
1876 1805 1980 1851 τόπος
2010 1808 2102 1846 ἐστιν
2129 1808 2273 1862 ἀπέχων

1245 1863 1336 1903 ὀκτὼ
1360 1863 1503 1912 στάδια,
1533 1865 1567 1902 ἓν
1592 1867 1621 1916 ᾠ
1648 1866 1679 1902 οἱ
1713 1864 1876 1919 ἐγχωριοι
1913 1865 2177 1911 κατακλείοντες
2204 1874 2276 1913 τοῖς

1245 1922 1438 1965 Διονυσίοις
1464 1924 1616 1974 χαλκοῦς
1644 1921 1796 1970 λε’ὅητας
1820 1929 1910 1978 τρεῖς
1934 1923 2072 1973 κενους,
2091 1924 2276 1980 παρόντων

1245 1983 1314 2019 τῶν
1347 1979 1610 2031 ἐπιδημούντων
1648 1982 1996 2035 ἀποσφραγίζονται,
2027 1983 2087 2021 καὶ
2131 1982 2274 2040 ὕστερον

1247 2040 1458 2091 ἀνοίγοντες,
1483 2039 1699 2092 εὑρίσκουσιν
1720 2056 1812 2079 οινου
1832 2057 1876 2079 πε
1878 2041 2142 2095 πληρωμένους.

1300 2099 1442 2137 Eadem
1463 2109 1670 2138 narrantur
1692 2113 1714 2137 a
1739 2104 1901 2138 Pausan.
1922 2104 1990 2150 VI,
2009 2102 2072 2139 36.

1719 2157 1808 2196 297.

1300 2217 1406 2254 Idem
1431 2220 1498 2264 VI,
1530 2231 1568 2269 p.
1597 2218 1764 2266 254‚B:
1786 2247 1896 2256 .....
1915 2218 1957 2265 ἣν
1979 2217 2055 2270 (τὴν
2082 2217 2183 2257 πόλιν
2205 2220 2276 2257 τῶν
2316 2267 2320 2270 ¹

1248 2274 1455 2326 Ἀθηναίων)
1482 2278 1500 2313 ὁ
1527 2278 1590 2326 μὲν
1622 2275 1751 2319 Πύθιος
1777 2276 1894 2315 ἑστίαν
1922 2280 1984 2324 τ’ἧς
2002 2276 2175 2321 Ἑλλάδος
2196 2279 2278 2316 ἆνε-

1249 2333 1394 2390 κῄρυξε,
1438 2340 1643 2386 πρυτανεῖον
1685 2334 1722 2372 δὲ
1747 2334 1920 2379 Ἑλλάδος
1951 2339 1970 2374 ὃ
2005 2335 2277 2389 δυσμενέστατος

159 2404 1387 2428 .-------------------ο---

158 2446 401 2486 tradidit‚belli
430 2445 583 2477 fluctibus
618 2445 651 2476 et
680 2444 776 2475 undis
804 2442 1067 2475 Lacedaemonios
1095 2442 1193 2474 lucta-

159 2494 185 2526 ri
203 2504 211 2526 :
228 2503 342 2526 verum
358 2492 463 2524 media
482 2502 519 2524 ac
533 2491 695 2533 praecipua
711 2491 801 2522 urbis
817 2491 891 2522 loca
907 2489 1065 2521 militibus
1080 2489 1188 2530 gravis

158 2542 333 2573 armaturae
349 2540 502 2581 stipavit,
520 2539 813 2578 Thebanorumque
835 2537 940 2568 minas
955 2539 986 2568 et
998 2536 1189 2577 jactantiam

158 2588 244 2627 tulit,
261 2587 453 2619 nominatim
471 2596 518 2625 se,
536 2586 622 2618 sicut
638 2585 741 2617 facem
758 2584 832 2616 belli
848 2586 880 2616 et
895 2583 1010 2614 horum
1027 2585 1191 2615 auctorem

159 2635 331 2674 malorum,
345 2634 585 2673 lacessentium,
607 2642 644 2665 ac
660 2632 700 2664 de
714 2631 783 2664 solo
805 2630 990 2672 jubentium
1015 2631 1192 2663 certamine

159 2683 341 2715 decernere.
354 2683 419 2714 Nec
429 2682 550 2720 minus,
563 2690 660 2721 quam
676 2681 757 2719 haec,
769 2677 992 2710 obtundebant
1006 2677 1191 2718 Agesilaum

159 2731 276 2763 urbani
290 2730 459 2766 tumultus,
468 2730 623 2762 clamores
644 2731 674 2760 et
689 2730 976 2766 ‹discursus‚quum
989 2734 1081 2757 senes
1098 2729 1191 2758 aestu-

160 2780 252 2810 arent
279 2777 431 2819 praesenti
448 2777 577 2809 fortuna
595 2799 604 2815 ,
636 2782 696 2807 nec
717 2773 944 2814 conquiescere
975 2772 1102 2804 feminae
1119 2781 1191 2812 pos-

161 2827 243 2864 sent,
259 2825 316 2857 sed
333 2833 464 2866 prorsus
479 2824 624 2856 amentes
638 2821 680 2854 ad
701 2822 858 2854 clamores
872 2821 904 2852 et
918 2819 1024 2860 ignem
1045 2819 1191 2851 hostium

161 2872 457 2904 circumferrentur.

631 2923 719 2957 292.

204 2979 432 3019 Theopompus
449 2979 561 3009 auctor
575 2979 624 3009 est
640 3000 649 3016 ‚
672 2984 774 3017 quum
788 2975 854 3016 jam
874 2972 1073 3006 Boeotarchae
1095 2971 1193 3003 disce-

163 3027 238 3059 dele
251 3027 326 3058 inde
343 3026 599 3063 constituissent,
614 3023 770 3056 Phrixum
787 3022 965 3063 spartiaten
979 3029 1035 3052 eos
1060 3018 1191 3058 adiisse,

165 3073 410 3113 mercedemque
426 3073 466 3104 ab
480 3071 626 3112 Agesilao
641 3069 833 3112 deportandi
847 3068 1006 3101 exercitus
1022 3066 1134 3098 decem
1147 3067 1191 3098 ta-

164 3119 250 3151 lenta
278 3120 440 3159 attulisse,
465 3120 511 3151 ita
537 3118 795 3159 exsequentibus,
818 3125 891 3158 quae
908 3117 974 3156 Jam
989 3114 1111 3156 pridem
1129 3112 1192 3154 pla-

164 3168 309 3204 cuerant,
326 3166 434 3197 hostes
451 3165 700 3206 suppeditarunt
715 3165 888 3196 viaticum.

633 3219 722 3251 293.

207 3271 433 3311 Theopompus
450 3273 557 3302 narrat
573 3279 628 3302 eos
644 3272 699 3311 qui
720 3270 759 3302 ad
775 3270 852 3302 s‘olis
863 3277 1014 3301 oceasum
1031 3266 1191 3305 habitant,

167 3325 296 3348 censere
314 3319 346 3348 et
362 3317 520 3357 appellare
544 3317 680 3349 hiemem
705 3319 901 3356 Saturnum,
926 3317 1072 3347 aestatem
1094 3315 1193 3346 Vene-

168 3373 248 3402 rem,
272 3371 327 3395 ver
340 3364 562 3404 Proserpinam
580 3374 586 3394 :
605 3366 637 3396 et
653 3364 761 3396 omnia
776 3363 865 3395 nasci
881 3373 921 3395 ex
938 3364 1077 3394 Saturno
1095 3363 1192 3401 atque

167 3411 300 3443 Venere.

1212 2449 1224 3437 ——ss———ffld-

1720 2444 1810 2484 294.

1293 2509 1398 2545 Quem
1411 2508 1513 2549 magis
1527 2509 1620 2549 Juvet
1635 2508 1775 2540 dormire
1793 2517 1868 2540 eum
1885 2509 2276 2550 formosissimamuliere,

1251 2563 1348 2595 quam
1375 2555 1542 2627 inavigilare
1563 2556 1603 2588 iis
1642 2564 1717 2596 quae
1738 2555 1779 2588 de
1868 2557 1990 2589 Thisba
2012 2556 2142 2598 scripsit
2174 2557 2277 2589 Theo-

1251 2611 1404 2643 pompus.

1722 2663 1812 2697 295.

1293 2721 1523 2762 Theopompus
1543 2721 1656 2753 scribit
1678 2722 1820 2762 primum
1836 2721 1922 2761 apud
1945 2722 2048 2754 Chios
2066 2722 2187 2754 sactum
2205 2731 2279 2755 esse
2299 2723 2317 2755 ἰ,

1251 2768 1381 2808 nigrum
1410 2768 1523 2801 vinum
1543 2771 1598 2800 :et
1626 2777 1731 2800 serere
1755 2768 1922 2805 colereque
1950 2768 2048 2800 vitem
2081 2769 2206 2809 Chios,
2236 2768 2278 2802 ab
2302 2762 2320 2795 ⁴³

1252 2815 1436 2855 OEnopione
1448 2816 1564 2847 Bacchi
1574 2814 1658 2854 filio,
1682 2815 1738 2856 qui
1757 2814 1935 2846 cultoribus
1960 2815 2180 2856 frequentavit
2193 2815 2278 2848 insu·
2310 2806 2315 2846 Ῐ

1251 2862 1328 2900 lam,
1344 2861 1487 2902 edoctos,
1502 2862 1648 2893 vicissim
1663 2865 1786 2894 ceteros
1801 2861 1953 2893 mortales
1969 2861 2129 2894 docuisse.

1718 2927 1808 2960 296.

1293 2991 1537 3030 Theopompum
1567 2990 1685 3023 Chium
1715 2998 1865 3030 narrare,
1891 2991 2050 3031 repertam
2074 2991 2174 3024 vitem
2202 3000 2275 3024 esse

1252 3037 1410 3077 Olympiae
1436 3037 1530 3076 juxta
1543 3036 1701 3077 Alpheum
1721 3046 1728 3067 :
1747 3045 1882 3077 esseque
1899 3037 2007 3068 locum
2026 3039 2100 3070 octo
2118 3039 2220 3071 stadia
2236 3038 2276 3071 ab
2294 3032 2314 3076 ,ἑ

1253 3085 1343 3116 Elide
1361 3084 1557 3123 distantem,
1576 3083 1632 3115 ubi
1649 3084 1763 3115 incolae
1787 3084 1876 3115 sestis
1897 3084 2142 3117 Bacchanalium
2161 3085 2276 3118 diebus
2291 3085 2305 3109 ’·

1254 3134 1316 3164 tres
1329 3139 1435 3163 aeneos
1450 3130 1567 3162 lebetes
1582 3139 1701 3162 vacuos
1715 3131 1893 3171 includant,
1911 3134 1942 3162 et
1958 3132 2171 3172 praesentibus
2184 3131 2277 3164 1111νο-
2303 3157 2304 3160 ¹

1252 3179 1302 3210 1115
1317 3178 1504 3217 obsignent;
1519 3186 1601 3217 quos
1618 3177 1744 3218 deinde,
1762 3177 1815 3209 ubi
1835 3187 1949 3211 rursus
1970 3179 2126 3220 aperiant,
2140 3179 2218 3212 vino
2231 3174 2319 3230 1·ὺὲ

1252 3226 1355 3267 pletos
1374 3224 1550 3256 inveniant.

1720 3302 1808 3334 297.

1297 3380 1382 3389 .......
1403 3365 1502 3397 quam
1527 3356 1783 3397 (Atheniensium
1813 3358 1990 3398 civitatem)
2008 3358 2144 3399 Pythius
2163 3356 2275 3399 Apollo
2302 3386 2303 3390 ,

1255 3404 1364 3437 larem
1380 3406 1522 3437 Grceciae
1541 3404 1770 3446 praedicaverat
1781 3430 1790 3446 ‚
1808 3408 2021 3446 Prytanezom
2038 3414 2113 3438 vero
2131 3405 2274 3438 Groecioe
2295 3411 2304 3423 ³
