2320 3684
153 206 201 240 56

206 343 335 383 Schol.
353 342 550 392 Aristoph.
569 342 711 379 Avium
732 340 821 388 873,
839 349 876 379 et
895 355 942 379 ex
961 355 1007 380 eo
1027 342 1181 379 Phavo—

155 403 226 440 rin.
253 402 294 439 in
313 414 350 438 v.
371 398 557 442 Κολαινίςε
574 398 674 446 Φησὶ
698 397 732 436 δὲ
752 398 976 446 Ἑλλάνικος,
1006 399 1180 438 Κόλαινον

154 461 288 514 Ἑρμοῦ
311 460 481 511 ἀπόγονον
507 460 547 497 ἐκ
578 459 740 510 μαντείου
767 459 858 512 ἱερὸν
888 461 995 507 αὒτῆς
1025 461 1182 513 (nempe

154 518 363 572 Ἀρτέμιδος)
381 517 589 570 ἱδρύσασθαι
606 517 823 563 Κολαινίδος.

207 642 336 679 801101.
376 642 575 692 Aristoph.
613 644 709 678 Ran.
739 641 813 688 706
834 656 842 679 :
859 640 950 685 Τοὺς
982 657 1182 693 συνναυμα-

152 699 330 752 χήσαντας
357 698 497 743 δούλους
528 697 735 742 Ἑλλάνικός
761 714 864 753 φησιν
892 701 1179 752 ἐλευθερωθῆναι,

153 758 212 796 καὶ
257 757 492 812 ἐγγραφέντας
539 760 585 802 ὥς
623 759 816 802 Πλαταιεῖς
867 757 1182 809 συμπολιτεύεσθαι

154 818 280 860 αὐτοῖς.

641 882 706 918 81.

205 938 396 977 Plutarch.
422 942 482 977 De
505 939 742 990 malignitate
756 940 945 978 Herodoti
965 954 1002 991 p.
1025 941 1164 991 869‚A

153 995 278 1039 Νάξιοι
295 1002 386 1051 τρεῖς
409 996 571 1050 ἔπεμψαν
602 996 753 1051 τριήρεις
778 997 986 1050 συμμάχους
1007 1004 1078 1043 τοῖς
1097 1001 1184 1052 βαρ-

155 1053 297 1107 ὅάροις,
329 1050 377 1098 εἷς
403 1055 439 1095 δὲ
467 1071 538 1094 των
565 1058 787 1110 τριηραρχῶν
818 1055 1084 1110 Δημόκριτος”
1065 1073 1182 1095 επεισε

151 1128 231 1156 τους
247 1112 372 1158 ἄλλους
390 1113 531 1152 ἑλέσθαι
560 1113 606 1152 τὰ
626 1116 696 1152 τῶν
723 1113 920 1161 Ἑλλήνων.
943 1114 1068 1158 Οὕτως
1102 1115 1180 1153 οὐδὲ

152 1171 306 1209 ἐπαινεῖν
326 1171 406 1210 ἄνευ
425 1175 485 1210 τοῦ
502 1171 619 1225 ψέγειν
637 1166 740 1220 οἶδεν,
754 1172 832 1210 ἀλλ’
855 1173 884 1210 εἷ
903 1176 948 1216 εἱς
969 1171 1091 1226 ἀνὴρ’
1075 1189 1182 1224 εγκω-

153 1232 308 1282 μιασθῇ,
331 1229 451 1269 πόλιν”
461 1229 546 1277 ὅλην
573 1231 624 1269 δεῖ
647 1233 764 1274 κακῶς
789 1232 951 1279 ἀκοῦσαι,
969 1232 1029 1269 καὶ
1059 1233 1181 1283 δῆμον.

152 1289 334 1342 Μαρτυρεῖ
351 1287 387 1326 δὲ
406 1290 501 1342 αὐτῷ
514 1291 583 1327 τῶν
605 1288 668 1339 μὲν
688 1288 935 1341 πρεσὸυτέρων
955 1289 1180 1339 Ἑλλάνικος,

150 1347 219 1383 τῶν
237 1345 273 1384 δὲ
291 1346 468 1399 νεωτέρων
481 1346 653 1400 Ἔφορος,
667 1349 685 1384 ὃ
704 1345 766 1397 μὲν
782 1346 835 1393 ἓξ,
854 1350 872 1385 ὁ
889 1346 925 1384 δὲ
941 1346 1044 1386 πέντε
1060 1348 1180 1388 ναυσὶν

153 1403 278 1447 αὖτοὺς
295 1404 445 1449 Ναξίους
459 1406 568 1443 ἐλθεῖν
590 1410 662 1448 τοῖς
680 1403 840 1452 ‘'lim-tm
859 1407 1066 1456 βοηθοῦντας
1082 1408 1181 1446 ἱστο-

152 1461 272 1515 ρήσας.
296 1464 471 1514 Respicit
489 1463 717 1501 Plutarchus
733 1463 919 1502 Herodot.
935 1465 972 1512 8,
990 1466 1051 1510 46.

203 1579 332 1618 schol.
359 1580 494 1631 Eurip.
517 1582 642 1619 Orest.
668 1581 767 1625 1648
785 1595 793 1617 :
812 1580 902 1633 Περὶ
929 1582 992 1628 τ’ῆς
1006 1580 1177 1635 Ὀρέστου

150 1637 296 1691 κρίσεως
309 1638 344 1675 ἐν
362 1637 483 1692 Ἀρείῳ
501 1637 605 1691 πάγῳ
618 1640 747 1692 ἱστορεῖ
757 1638 817 1677 καὶ
835 1639 1051 1686 Ἑλλάνικος,
1065 1644 1178 1678 ταῦτα

148 1696 304 1750 γράφων·
321 1702 392 1740 τοῖς
408 1698 447 1736 ἐκ
463 1696 724 1748 Λακεδαίμονος
737 1699 873 1736 ἐλθοῦσι
889 1697 1011 1750 καὶτῷ
1026 1697 1177 1752 Ὀρέστῃ

149 1756 183 1792 οἱ
199 1755 371 1801 Ἀθηναῖοι
382 1754 528 1808 ἔφασαν.
540 1756 651 1800 Τέλος
664 1755 701 1793 δὲ
713 1755 918 1810 ἀμφοτέρων
930 1756 1178 1806 ἐπαινούντων,

149 1814 180 1850 οἱ
197 1812 371 1859 Ἀθηναῖοι
393 1813 455 1862 τὴν
475 1813 612 1861 δίκην”
593 1829 745 1852 εστασαν
772 1813 870 1852 ἐννέα
885 1821 1028 1866 γενεαῖς,
1046 1814 1178 1855 ε’Υστε-

152 1886 210 1923 ρον
232 1870 268 1909 δὲ
295 1868 401 1925 Ἄρης
427 1871 488 1910 καὶ
516 1873 696 1911 Ποσειδῶν
721 1873 801 1925 περι
828 1872 1037 1926 Ἁλιρροθίου
1067 1873 1177 1922 δίκην.

150 1923 243 1968 Εἰτα
266 1929 458 1983 Κέφαλος-ὁ
477 1930 673 1979 Δηϊονέως,
691 1930 784 1974 ὅστις
809 1931 964 1985 Πρόκριν
992 1931 1056 1979 τὴν
1077 1932 1180 1986 Ἐρε-

147 1987 211 2039 χθέ
213 2004 258 2031 ως
274 1988 364 2040 ἔχων
385 1995 545 2040 γυναῖκα,
559 1989 620 2028 καὶ
637 1989 859 2038 ἀποκτείνας,
871 1990 905 2035 ἐξ
920 1991 1049 2045 Ἀρείου
1064 1991 1178 2043 πάγου

149 2045 289 2093 δίκην(
271 2062 317 2090 ως
337 2046 550 2091 δικασθεις”
531 2063 654 2100 εφυγεν
678 2047 714 2092 ἓξ
737 2055 869 2099 γενεαῖς
903 2065 1058 2102 υστερον.
1079 2049 1179 2088 Μετὰ

149 2102 263 2150 δὲτὴν
287 2104 464 2144 Δαιδάλου
484 2105 596 2155 δίκην,
615 2106 818 2160 ἀδελφιδοῦν
847 2106 906 2145 τὸν
933 2108 1062 2146 Τάλων
1091 2110 1180 2147 ἀπο-

148 2162 344 2206 κτείναντος
357 2163 508 2202 δολόεντι
528 2164 680 2218 θανάτῳ,
699 2164 759 2203 καὶ
779 2165 945 2219 φυγόντος
959 2167 1072 2215 δίκην,
1085 2167 1178 2220 τρισὶ

147 2225 279 2271 γενεαῖς
313 2220 454 2275 ὕστερον
495 2220 582 2269 αὕτη
621 2225 643 2270 ἡ
672 2222 845 2277 Τυνδαρὶς
877 2224 1177 2279 Κλυταιμνήστρα

630 2373 693 2406 79.

189 2435 374 2467 Hellanicus
387 2435 433 2466 ait
450 2435 630 2476 Colaenum,
647 2436 798 2469 Mercurii
812 2438 1011 2479 progeniem,
1028 2447 1046 2470 e
1062 2438 1174 2470 vatici-

148 2482 202 2514 nio
218 2482 330 2514 sanum
346 2482 530 2515 condidisse
545 2483 657 2516 Dianae
673 2484 856 2517 Colaenidis.

629 2554 692 2588 80.

189 2618 306 2648 Servos
319 2639 329 2656 ,
358 2614 414 2656 qui
429 2624 504 2647 00111
518 2616 771 2648 Atheniensibus
795 2617 847 2655 (ad
865 2617 1048 2658 Arginusas)
1068 2627 1176 2660 pugna

154 2663 262 2695 navali
275 2662 507 2695 dimicaverant
520 2686 529 2702 ‚
545 2663 730 2696 Hellanicus
746 2664 964 2697 manumissos
989 2665 1068 2697 dicit
1083 2669 1115 2698 et
1129 2667 1174 2698 in-

149 2712 198 2743 ter
210 2710 405 2743 Plataeenses
425 2710 543 2743 relatos
562 2710 704 2743 civitatis
715 2711 786 2752 jure
802 2711 938 2744 donatos
957 2720 1038 2744 esse.

629 2775 693 2808 81.

191 2836 311 2869 Naxios
318 2837 364 2869 ait
370 2837 555 2870 Herodotus
567 2840 632 2870 tres
642 2847 742 2871 naves
754 2838 897 2871 barbaris
906 2838 1026 2870 auxilio
1033 2839 1172 2879 misisse,

151 2893 251 2916 unum
268 2887 376 2917 3010111
393 2885 433 2918 de
447 2886 627 2918 triremium
652 2887 832 2927 praefectis,
851 2887 1086 2926 Democritum,
1105 2895 1173 2927 per·

151 2931 291 2962 suasisse
303 2931 430 2963 civibus
446 2932 591 2973 reliquis,
611 2934 650 2964 ut
662 2934 850 2966 Graecorum
863 2942 993 2965 causam
1010 2933 1175 2974 amplecte-

151 2979 272 3008 rentur.
285 2978 372 3010 Adeo
385 2978 517 3011 laudare
526 2980 596 3012 sine
608 2979 770 3021 vituperio
782 2989 847 3013 11011
860 2982 966 3021 [101051
977 2980 1172 3019 Herodotus,

152 3024 199 3060 ut,
221 3022 247 3054 si
267 3033 369 3056 unum
388 3025 553 3058 hominem
574 3025 709 3067 laudet,
725 3027 809 3060 male
823 3026 934 3059 audire
946 3027 1047 3058 totam
1067 3026 1175 3057 civita-

151 3069 229 3106 tem,
246 3072 302 3100 aut
317 3071 484 3111 populum,
501 3074 656 3113 oporteat.
666 3073 902 3105 Testimonium
918 3073 1031 3104 contra
1045 3080 1118 3104 eum
1129 3072 1174 3104 di-

152 3116 230 3145 cunt
244 3114 283 3146 de
301 3117 529 3151 vetustioribus
542 3118 746 3160 Hellanicus,
765 3120 806 3153 de
823 3119 1053 3152 recentioribus
1068 3119 1174 3160 Epho-

153 3168 225 3198 rus,
251 3159 330 3192 alter
346 3171 423 3202 sex,
440 3164 519 3196 alter
531 3165 676 3206 quinque
697 3167 836 3200 navibus
852 3175 912 3199 sua
925 3168 1039 3207 sponte
1052 3166 1174 3198 Naxios

152 3205 277 3238 auxilio
295 3207 423 3241 venisse
437 3211 561 3243 Graecis
577 3211 765 3246 scribentes.

629 3271 692 3304 82.

194 3327 242 3357 De
260 3326 381 3358 Orestis
395 3327 534 3368 judicio
526 3338 557 3360 111
573 3331 736 3372 Areopago
752 3334 860 3364 1131131
875 3332 972 3364 etiam
988 3331 1173 3364 Hellanicus

153 3371 199 3404 ita
212 3371 380 3405 scribens:
396 3374 440 3407 115
457 3375 589 3408 advenis
606 3377 657 3409 vel
681 3378 880 3419 hospitibus,
897 3379 955 3419 qui
967 3388 1007 3412 ex
1023 3378 1171 3411 Lacedae-

869 195 1150 236 HELLANICI
1177 196 1508 237 FRAGMENTA.

1236 284 1478 336 Ἀγαμέμνονα
1509 284 1759 333 ἀποκτείνασα,
1793 284 1854 322 καὶ
1888 283 1955 322 ὑπὸ
1974 284 2142 338 Ὀρέστου
2173 287 2261 326 ἀπο-

1236 347 1435 391 κτανθεῖσα,
1457 346 1733 397 συγκροτηθῆναι
1750 343 1848 390 δίκην
1871 345 1920 396 τῷ
1937 342 2088 396 Ὀρέστῃ
2108 344 2176 383 ὑπὸ
2192 346 2260 384 Εὖ-

1237 402 1384 452 μενίδων
1398 402 1673 456 παρεσκεύασεν,
1688 402 1723 445 ὃς
1738 401 1827 453 μετὰ
1836 401 1900 449 τὴν
1914 401 2027 454 κρίσιν
2048 401 2261 452 ἐπανελθὼν,

1239 459 1385 514 Ἄργους
1422 461 1637 502 ἐδασίλευσε.
1672 461 1743 500 Καὶ
1781 460 1938 499 ἐδίκασεν
1973 458 2011 499 δὲ
2042 460 2168 508 Ἀθηνᾶ
2200 461 2263 500 καὶ

1235 516 1352 572 Ἄρης.

1289 579 1459 616 Priorem
1496 586 1645 628 partem
1678 578 1793 629 hujus
1826 579 2030 628 fragmenti
2069 581 2193 616 sturz.
2222 578 2261 615 in

1237 636 1362 686 prima
1399 636 1570 675 editione
1599 637 1652 674 ita
1672 645 1794 687 -putat
1822 637 2129 675 constituendam
2157 649 2261 674 esse:

1237 699 1307 737 τοῖς
1328 695 1368 732 ἐκ
1385 696 1476 733 Λακ.
1495 695 1565 732 ἐλθ.
1588 694 1648 733 καὶ
1679 697 1730 747 τῷ
1748 694 1826 747 Ὀρ.
1846 697 1877 732 οἳ
1892 695 2065 741 Ἀθηναῖοι
2083 693 2147 742 τὴν
2164 693 2263 741 δίκην

1238 751 1387 790 ἔστασαν
1407 752 1507 791 ἐννέα
1523 758 1654 804 γενεαῖς
1679 751 1819 806 υστερον
1839 752 1862 799 ἢ
1882 752 1987 806 Ἄρης
2006 753 2067 792 καὶ
2083 754 2264 793 Ποσειδῶν

1237 810 1317 863 περι
1336 809 1563 872 Ἁλιρροθίου
1570 811 1668 858 δίκην
1701 810 1847 865 ἔφασαν,
1867 811 1964 855 τέλος
1990 828 2030 863 γε
2059 813 2264 868 ἀμφοτέρων

1238 868 1485 908 ἐπαινούντων.
1514 863 1606 908 Εἶτα
1629 868 1790 923 Κέφαλος
1809 873 1827 909 ὃ
1847 870 2040 919 Δηιονέως,
2059 885 2200 923 nempe
2215 872 2267 911 δί-

1237 941 1303 974 κην
1319 926 1397 980 ἔφη,
1414 925 1570 971 ὅστις-.
1585 931 1629 966 In
1647 929 1814 967 secunda
1843 929 2012 968 editione
2024 930 2118 968 nihil
2144 939 2266 970 trans-

1238 986 1461 1036 ponendum
1488 1000 1571 1025 esse
1586 995 1728 1034 censet,
1756 988 1821 1025 sed
1844 1001 1915 1038 pro
1939 989 1990 1040 τῷ
2004 987 2152 1042 Ὀρέστῃ
2172 990 2266 1040 poni

1231 1042 1346 1093 jtlbet
1362 1043 1402 1081 τὸ
1422 1048 1483 1082 τοῦ
1499 1043 1684 1096 Ὀρέστου,
1709 1017 1850 1084 deinde
1877 1045 2013 1096 legit*
1993 1061 2144 1085 εστασαν
2167 1046 2267 1086 ἐννέα

1215 1107 1370 1153 γενεαῖς
1405 1101 1547 1156 ὕστερον
1568 1103 1605 1151 ἤ,
1629 1105 1683 1142 ita
1712 1114 1754 1143 ut
1781 1104 1933 1144 ἔστασαν
1956 1107 2159 1156 significet:
2178 1121 2268 1144 ora-

1238 1163 1338 1198 tione
1350 1165 1618 1200 ostenderunt:
1641 1164 1716 1202 vid.
1737 1164 1894 1202 latinam
1913 1165 1989 1203 viri
2011 1165 2129 1211 docti,
2149 1179 2267 1216 quam

1237 1218 1339 1256 infra
1363 1221 1630 1270 apposuimus,
1650 1222 2020 1273 interpretationem.
2044 1223 2266 1270 111101δίκην
2309 1260 2311 1262 .

1237 1285 1276 1315 et
1296 1270 1371 1316 εἶτα
1384 1278 1632 1317 inserendum
1657 1290 1768 1330 putat
1789 1275 1885 1320 εἶπον
1910 1283 1970 1320 vel
1995 1285 2111 1321 εἶπαν.
2137 1287 2212 1321 Pro
2231 1280 2267 1327 ἐξ

1240 1335 1369 1388 Ἀρείου
1384 1335 1498 1387 πάγου
1515 1338 1714 1376 013νο11ἐν
1734 1339 1870 1401 Ἀρείῳ
1871 1339 1989 1393 πάγῳ.
2012 1343 2088 1378 Pro
2106 1340 2238 1388 δίκηνί
2219 1356 2267 1384 ως

1237 1395 1502 1445 reponendum
1532 1409 1613 1434 esse
1633 1398 1706 1434 ait.
1722 1397 1819 1445 δίκην
1839 1402 1946 1447 εἶπεν,
1959 1400 2027 1445 ὡς,
2050 1407 2088 1438 01
2107 1413 2180 1450 pro
2198 1397 2267 1438 ἐδί-

1236 1467 1343 1491 κασεν
1367 1454 1571 1504 legendum
1601 1463 1712 1506 putat
1729 1456 1906 1495 ἐδίκασαν.

1705 1534 1801 1587 (83.)

1290 1609 1405 1656 Quod
1422 1609 1498 1647 1100
1516 1610 1602 1648 1000
1622 1611 1793 1649 Sturzius
1806 1620 1989 1662 posuerat
2011 1613 2267 1664 fragmentum

1236 1681 1285 1705 ex
1311 1669 1508 1718 Stephano
1527 1670 1741 1719 Byzantino
1768 1683 1802 1708 v.
1825 1670 1988 1723 Ὠρωπὸς
2007 1671 2048 1708 in
2067 1672 2142 1709 fine
2160 1673 2265 1723 peti—

1236 1735 1317 1763 tum
1329 1755 1339 1774 ,
1357 1727 1590 1774 delevimus3
1618 1728 1741 1766 codex
1760 1729 2051 1780 Rhedigeranus
2070 1730 2265 1781 vulgatum

1235 1784 1465 1836 Θεόπομπος,
1479 1785 1539 1824 καὶ
1557 1785 1776 1836 Ἑλλάνικος,
1793 1796 1897 1826 recte
1911 1789 2021 1838 ponit
2034 1789 2110 1826 hoc
2126 1789 2264 1828 modo:

1235 1842 1447 1895 Θεόπομπος
1461 1843 1495 1895 γ’
1512 1843 1745 1892 Ἑλληνικῶν.

1714 1924 1776 1962 84.

1288 1996 1444 2030 Tzetzes
1480 1993 1527 2031 ad
1558 1995 1751 2045 Lycophr.
1785 1997 1883 2033 1332
1907 2010 1915 2033 ε
1939 1994 2147 2040 Ἑλλάνικος
2177 1996 2214 2036 δὲ
2244 2001 2264 2034 ὁ

1236 2049 1385 2094 Λέσὸιός
1403 2066 1521 2104 φησιν,
1538 2051 1591 2090 δ’τι
1609 2052 1780 2104 παγέντος
1794 2057 1856 2091 τοῦ
1881 2056 2102 2107 Κιμμερικοῦ
2125 2055 2262 2094 Βοσπό-

1236 2124 1310 2162 ρου,
1331 2109 1496 2157 διέὸησαν
1521 2110 1636 2158 αὐτὸν,
1656 2111 1715 2150 καὶ
1733 2107 1839 2160 ἦλθον
1859 2114 1906 2157 εἷς
1923 2112 1988 2160 τὴν
2006 2112 2179 2162 Ἀττικὴν,
2202 2113 2263 2152 καὶ

1235 2166 1375 2221 τέτρασι
1399 2168 1486 2219 μησὶ
1508 2169 1755 2221 πολεμήσασαι
1767 2200 1777 2219 ,
1798 2170 2072 2225 ὑπεστράφησαν
2085 2187 2094 2195 ·
2113 2172 2151 2210 οὗ
2170 2171 2266 2224 λέγει

1234 2225 1270 2264 δὲ
1288 2225 1352 2274 τὴν
1372 2226 1498 2266 αἰτίαν.

1237 2379 1333 2403 1110110
1346 2373 1509 2411 venerant,
1526 2371 1737 2405 Athenienses
1752 2373 1835 2405 inter
1847 2373 1908 2405 alia
1921 2373 2064 2405 etiamid
2078 2377 2261 2416 narrarunt,

1236 2418 1325 2457 quod
1342 2418 1382 2450 de
1397 2420 1511 2451 Oreste
1526 2419 1695 2451 acciderat.
1721 2422 1895 2460 Quumque
1921 2420 2050 2461 utrique
2073 2421 2198 2453 exitum
2213 2423 2262 2463 Ju—

1233 2463 1309 2496 dicii
1336 2465 1518 2505 laudarent,
1535 2467 1749 2499 Athenienses
1774 2467 1933 2507 iudicium
1949 2466 2028 2499 illud
2055 2468 2266 2502 ostenderunt

1237 2510 1358 2543 sactum
1374 2521 1445 2544 0550
1460 2521 1577 2545 novem
1591 2513 1738 2545 aetatibus
1752 2515 1935 2554 postquam
1949 2515 2036 2546 Mars
2048 2516 2080 2546 et·
2091 2516 2261 2556 Neptunus

1233 2558 1274 2591 de
1289 2559 1508 2592 Halirrhothio
1521 2569 1653 2592 causam
1670 2561 1838 2593 dixissent.
1857 2561 1979 2593 Deinde
1995 2561 2169 2602 Cephalus,
2187 2562 2257 2595 Dei-

1236 2606 1424 2646 0001111105,
1446 2606 1501 2647 qui
1513 2631 1521 2647 ,
1542 2615 1643 2647 quum
1662 2615 1797 2639 uxorem
1813 2616 1904 2639 suam
1924 2608 2072 2648 Procrin,
2087 2609 2262 2641 Erechthei

1232 2651 1329 2684 tiliam
1343 2675 1352 2692 ,
1370 2653 1563 2692 occidisset,
1592 2662 1722 2686 causam
1744 2654 1778 2685 in
1804 2656 1970 2695 Areopago
1991 2654 2086 2695 dixit,
2106 2657 2260 2696 tanquam

1233 2698 1404 2730 damnatus
1429 2699 1463 2730 in
1484 2699 1617 2732 exilium
1640 2701 1720 2733 abiit
1743 2709 1798 2733 sex
1819 2701 1969 2733 aetatibus
1987 2704 2071 2743 post.
2101 2702 2162 2734 Sed
2187 2703 2262 2743 post

1232 2744 1354 2776 Daedali
1366 2745 1525 2786 ι1011101010
1539 2747 1595 2787 qui
1610 2747 1736 2787 Talum,
1767 2749 1886 2780 sororis
1913 2748 2026 2786 filium,
2042 2757 2100 2789 per
2112 2748 2259 2786 fraudem

1233 2790 1456 2832 interemerat,
1473 2795 1506 2824 et
1522 2801 1595 2825 reus
1623 2796 1716 2826 301115
1732 2796 1817 2833 0131,
1838 2794 1942 2826 1111105
1971 2794 2122 2826 aetatibus
2151 2795 2256 2828 serius

1232 2839 1302 2870 haec
1317 2839 1457 2879 Tyndari
1472 2839 1546 2879 filia,
1562 2840 1819 2881 Clytaemnestra,
1841 2850 1914 2882 quae
1922 2844 2195 2882 Agamemnonem
2207 2841 2257 2874 in-

1232 2885 1409 2926 terfecerat,
1426 2885 1467 2917 ab
1483 2888 1595 2918 Oreste
1611 2887 1727 2927 occisa,
1741 2887 1849 2920 effecit
1870 2889 1905 2920 ut
1932 2888 2018 2920 30110
2033 2887 2259 2928 judiciumque

1231 2931 1273 2963 ab
1293 2932 1526 2964 Eumenidibus
1540 2933 1732 2965 constaretur
1748 2933 1866 2974 010511,
1880 2934 1936 2974 qui
1948 2936 2023 2976 post
2036 2934 2193 2975 judicium
2210 2943 2255 2966 re-

1231 2987 1346 3010 versus
1358 2980 1435 3020 Argi
1469 2988 1526 3012 rex
1556 2980 1662 3012 factus
1677 2983 1738 3012 est.
1759 2981 1903 3013 Minerva
1925 2983 1957 3013 et
1984 2983 2070 3013 Mars
2103 2981 2256 3013 sederunt

1228 3025 1364 3066 judices.

1707 3134 1770 3167 84.

1272 3226 1458 3260 Hellanicus
1474 3228 1610 3261 Lesbius
1627 3229 1706 3261 dicit
1721 3231 1898 3262 Amazones
1919 3231 2100 3271 Bosporum
2114 3230 2251 3264 Cimme-

1230 3274 1332 3306 ricum
1349 3275 1549 3315 congelatum
1559 3277 1770 3316 transgressas
1782 3276 1908 3308 venisse
1923 3277 1955 3308 111
1971 3277 2110 3309 Atticam
2122 3278 2155 3309 01
2166 3278 2251 3318 post-

1229 3329 1327 3362 quam
1338 3323 1491 3362 quattuor
1503 3322 1668 3354 mensibus
1680 3322 1800 3355 bellum
1814 3323 1987 3363 gessissent
1997 3332 2142 3356 reversas
2153 3332 2225 3356 esse
2239 3333 2248 3363 ;

1229 3376 1360 3400 causam
1375 3376 1452 3400 vero
1469 3377 1531 3400 non
1546 3368 1645 3400 addit.
