2320 3684
810 169 975 208 TIMAEI
1005 171 1335 210 FRAGMENTA.

2047 173 2119 205 211

17 261 139 315 σοφίας
166 274 227 311 ap.
253 258 390 298 Euseb.
421 261 541 308 Praep.
576 268 711 305 evang.
733 257 821 302 XV,
850 267 887 300 2,
905 268 943 305 p.
965 268 1033 304 79¹
1067 263 1073 304 1
1099 259 1212 308 ται-τῇ
1232 257 1406 310 παροιμία
1432 256 1640 308 Μένανδρος.
1671 255 1812 294 Eadem
1834 269 1882 293 ex
1898 255 2043 292 Timaeo
2069 254 2127 292 af-

19 320 140 359 Colon
159 334 168 357 ε
185 319 266 361 Πῶς
282 316 350 371 γὰρ
365 310 435 355 οἷόν
453 330 509 363 τε,
527 312 685 366 καθάπερ
708 312 812 366 φησὶν
832 312 1042 365 Ἐπίκουρος
1101 315 1229 353 ferunt
1246 317 1357 367 Diog.
1389 319 1512 353 Laert.
1537 318 1629 353 VIII
1641 344 1651 362 ,
1684 329 1743 362 10,
1771 313 1914 352 Zenob.
1944 312 2125 351 Proverb.

18 379 54 417 ἐν
80 380 125 430 τῇ
149 377 229 430 περὶ
251 377 320 414 τῶν
349 371 635 424 ἐπιτηδευμάτων
661 371 852 423 ἐπιστολῇ,
879 369 955 408 νέον
979 369 1042 421 μὲν
1101 376 1210 413 Ceut,
1227 377 1296 421 IV,
1318 389 1381 424 79,
1397 375 1534 413 suidas
1556 374 1594 411 h,
1616 387 1655 413 v,

18 435 104 475 ὄντα
137 438 350 487 καταφαγεῖν
379 432 482 471 αὐτὸν
505 431 767 478 (Aristotelem
793 428 862 481 sc.)
881 428 945 476 τὴν
969 443 1043 466 πα-

18 493 134 549 τρῴαν
160 492 292 539 οὐσίαν,
314 491 436 530 ἔπειτα
454 489 491 528 δὲ
507 489 563 528 ἐπὶ
581 488 622 527 τὸ
642 487 892 542 στρατεύεσθαι
910 489 1044 525 συνεῶ-

21 556 122 602 σθαι,
145 554 261 595 κακῶς
277 550 314 589 δὲ
332 549 531 604 πράττοντα
550 549 588 588 ἐν
603 547 755 596 τούτοις,
774 546 832 586 ἐπὶ
851 545 891 584 τὸ
906 560 1047 599 φαρμα-

19 612 191 650 κοπωλεῖν
212 612 319 648 ἐλθεῖν
330 624 338 632 ·
359 608 479 647 ἔπειτα
498 605 792 657 ἀναπεπταμένου
807 608 868 643 τοῦ
887 603 1046 644 Πλάτω-

20 686 77 713 νος
93 668 285 723 περιπάτου
301 674 412 718 πᾶσι,
429 666 647 720 παραλαὸεῖν
665 663 790 713 αὐτόν;
807 663 830 711 ἢ
847 666 922 707 πῶς
941 662 981 701 ἄν
997 678 1048 706 τις

22 727 230 773 ἀποδέξαιτο
255 725 412 778 Τιμαίου
431 729 492 764 τοῦ
527 723 789 778 Ταυρομενίτου
820 721 981 774 λέγοντος
1013 722 1049 760 ἐν

21 792 97 830 ταῖς
116 784 282 840 ἱστορίαις
295 815 305 833 ,
331 783 453 829 ἀδόξου
470 782 575 837 θύρας
600 782 702 821 αὐτὸν
733 781 884 835 ἰατρείου
911 779 970 818 καὶ
989 778 1051 822 τὰς

21 844 196 899 τύχουσας
217 843 280 899 ὀψὲ
296 847 358 892 τῆς
381 842 519 891 ἡλικίας
543 844 704 891 κλεῖσαι;
734 842 843 881 Conf.
869 853 986 892 supra
1009 852 1050 891 p.

26 919 48 943 α
59 918 101 943 ιο
115 912 198 943 unt.

508 971 571 1010 75.

79 1038 263 1076 Themist.
295 1040 402 1076 Orat.
423 1038 484 1084 23,
521 1036 636 1073 inser.
662 1034 859 1085 Sophista,
898 1047 935 1085 p.
977 1034 1052 1071 285

26 1098 213 1139 Harduin.
229 1113 239 1136 z
254 1095 524 1151 Κηφισοδώρους
547 1093 583 1133 δὲ
603 1094 663 1134 καὶ
681 1093 898 1136 Εὐὸουλίδας
918 1092 978 1131 καὶ
989 1092 1056 1131 Τί-

28 1157 170 1209 μαίους,
185 1156 420 1209 Δικαιάρχους
442 1154 502 1193 καὶ
523 1152 670 1206 στρατὸν
693 1151 772 1190 δ’λον
798 1153 867 1189 τῶν
888 1150 1056 1202 ἐπιθεμέ-

28 1231 95 1254 νων
114 1214 342 1268 Ἀριστοτέλει
359 1216 409 1267 τῷ
428 1213 639 1265 Σταγειρίτῃ
665 1210 745 1250 πότ’
764 1209 806 1248 ἂν
824 1209 1057 1261 καταλέξαιμι

30 1275 200 1321 εὐπετῶς,
223 1268 270 1312 ὧν
287 1272 346 1311 καὶ
364 1272 463 1325 λόγοι
482 1271 693 1316 ἐξικνοῦνται
711 1271 758 1313 εἷς
776 1269 876 1308 τόνδε
892 1268 950 1307 τὸν
971 1267 1057 1322 χρό-

0 1348 3 1349 ’
29 1347 99 1379 νον,
118 1333 358 1386 διατηροῦντες
376 1331 439 1379 τὴν
459 1330 648 1383 ἀπέχθειαν
666 1329 726 1368 καὶ
743 1327 977 1383 φιλονεικίαν;

84 1467 248 1517 Diogen.
283 1470 412 1504 Laert.
444 1468 491 1516 V,
528 1479 542 1502 1
560 1481 569 1502 :
586 1463 702 1516 Ἔσχε
741 1462 778 1502 δὲ
813 1462 873 1501 καὶ
898 1462 969 1501 υἱὸν
993 1462 1058 1514 (sc,

33 1524 291 1579 Ἀριστοτέλης)
313 1523 520 1576 Νικόμαχον
543 1522 578 1568 ἐξ
601 1521 810 1576 Ἑρπυλίδος
837 1523 899 1568 τῆς
923 1522 1061 1559 παλλα-

32 1586 112 1632 κῆς,
135 1583 181 1626 ὥς
205 1598 289 1637 φησι
311 1582 472 1634 Τίμαιος.

85 1643 214 1682 Schol.
229 1642 277 1680 a'd
293 1641 450 1681 Hesiod.
464 1637 567 1695 Ἕργ.
583 1653 620 1679 v.
640 1640 715 1687 375
732 1655 740 1677 :

136 1722 232 1753 Οἶκον
250 1721 304 1762 μὲν
316 1720 487 1763 πρώτιστα,
504 1718 636 1760 γυναῖκά
645 1729 690 1758 τε,
707 1719 780 1760 βοῦν
796 1719 824 1749 τ’
841 1717 974 1760 ἀροτῆρα
990 1740 999 1756 ,

135 1769 263 1808 κτητήν,
279 1768 315 1799 οὐ
331 1767 480 1808 γαμετὴν,
497 1767 564 1805 ἥτις
579 1765 634 1797 καὶ
651 1766 759 1807 βουσὶν
775 1765 892 1796 ἕποιτο.

35 1826 162 1874 Μάτην
191 1820 250 1865 οῧν
273 1825 432 1878 λέγουσιν
465 1827 496 1864 οἱ
522 1824 602 1878 περὶ
627 1823 794 1875 Τίμαιον,
818 1821 973 1875 εΗσιόδῳ
1000 1822 1059 1861 τὸν

35 1884 276 1938 Ἀριστοτέλην
294 1883 496 1935 πειθόμενον
515 1883 604 1935 μετὰ
623 1882 687 1930 τὴν
717 1885 779 1929 τῆς
808 1880 970 1934 γυναικὸς
1006 1897 1063 1919 τε-

35 1942 160 1991 λευτὴν
180 1942 374 1997 Ἑρπυλίδῃ
406 1944 493 1995 (leg.
519 1941 741 1995 Ἑρπυλλίδι)
765 1946 919 1980 συνεῖναι
938 1943 981 1994 τῇ
1006 1943 1062 1979 θε-

39 2002 188 2056 ραπαίνῃ
200 2033 211 2054 ,
229 2001 263 2048 ἐξ
279 1998 320 2050 ἧς
336 2001 439 2040 αὐτὸν
455 2007 553 2053 σχεῖν
575 1998 660 2039 υἱόν.

517 2070 580 2108 77.

90 2131 201 2168 Phot.
233 2134 323 2169 Lex.
357 2145 389 2168 e.
431 2143 526 2180 129:
550 2127 659 2168 Κοινὰ
684 2127 730 2167 τὰ
760 2128 881 2182 φίλων.
911 2127 1062 2180 Τίμαιός

38 2204 141 2243 φησιν
159 2190 194 2227 ἐν
216 2190 266 2242 τῷ
286 2187 328 2236 θ’,
350 2187 481 2236 ταύτην
507 2189 676 2239 λεχθῆναι
701 2186 792 2225 κατὰ
810 2186 873 2235 τὴν
905 2186 1061 2239 μεγάλην

37 2245 213 2294 Ἑλλάδα,
231 2247 309 2285 καθ’
325 2247 381 2290 οὒς
400 2245 543 2300 χρόνους
563 2245 768 2299 Πυθαγόρας
790 2245 967 2284 ἀνέπειθεν
986 2244 1064 2288 τοὺς

1158 505 1347 555 Porphyr.
1377 506 1453 544 Vit.
1471 507 1630 557 Pythag.
1656 520 1694 557 p.
1728 508 1750 545 8
1767 522 1775 544 :
1793 505 1944 557 Τίμαιος
1981 507 2130 558 ἱστορεῖ,

1105 560 1169 609 τὴν
1194 562 1399 616 Πυθαγόρου
1419 563 1592 617 θυγατέρα
1614 564 1674 602 καὶ
1699 564 1869 618 παρθένον
1898 557 2004 603 οὖσαν
2031 567 2132 615 ἡγεῖ-

1107 625 1187 659 σθαι
1211 624 1281 659 τῶν
1309 620 1490 674 παρθένων
1520 624 1555 660 ἐν
1582 622 1761 676 Κρότωνι,
1794 622 1854 662 καὶ
1879 628 2028 675 γυναῖκα
2061 625 2131 660 τῶν

1105 682 1294 731 γυναικῶν,
1315 679 1378 727 τὴν
1395 679 1429 717 δὲ
1444 680 1554 719 οἰκίαν
1573 681 1760 736 Δήμητρος
1778 682 1867 736 ἱερὸν
1887 685 2033 729 ποιῆσαι
2055 680 2134 726 τοὺς

1108 738 1373 791 Κροτωνιάτας·
1395 738 1454 776 τὸν
1469 738 1505 776 δὲ
1522 739 1696 778 στενωπὸν
1716 742 1835 779 καλεῖν
1856 742 2042 780 Μουσεῖον.

1163 798 1385 847 Hieronym.
1405 800 1447 835 C.
1468 800 1595 836 Jovin.
1615 802 1632 836 I
1647 828 1656 845 ,
1684 813 1718 850 p.
1742 801 1818 850 369
1852 803 1954 851 Opp.
1977 809 2068 838 tom.
2087 803 2136 846 11,

1110 855 1170 892 ed.
1186 858 1316 893 Venet.
1336 857 1431 903 1767
1454 870 1462 892 ε
1488 858 1566 893 Sed
1580 867 1619 894 et
1642 861 1801 894 Timoeus
1816 858 1965 904 scribit,
1988 859 2136 907 Pytha-

1109 928 1213 964 goroe
1233 918 1406 964 virgineae
1433 916 1557 963 filiam
1585 916 1691 952 choro
1726 920 1902 966 virginum
1917 917 2134 966 proefaisse‚

1111 981 1150 1009 et
1167 976 1344 1010 castitatis
1368 986 1433 1010 eas
1452 977 1646 1010 instituisse
1665 976 1846 1011 doctrinis.

1600 1037 1662 1076 79.

1168 1104 1366 1142 Censorin.
1389 1107 1447 1141 De
1476 1102 1539 1140 die
1567 1111 1644 1141 nat.
1675 1116 1705 1140 c.
1729 1116 1774 1140 2:
1795 1106 1962 1153 Denique
1980 1107 2064 1142 Deli
2093 1107 2144 1142 ad

1113 1166 1294 1213 Apollinis
1308 1166 1480 1213 genitoris
1511 1176 1632 1207 aram,
1665 1171 1707 1198 ut
1739 1164 1895 1199 Timaeus
1922 1174 2049 1200 auctor
2071 1173 2138 1209 est,

1115 1237 1221 1260 nemo
1236 1223 1390 1259 hostiam
1426 1223 1547 1258 coedit.
1576 1221 1634 1259 Cf.
1650 1220 1821 1258 Macrob.
1837 1222 1891 1259 ΙΙΙ
1907 1224 2057 1260 Saturn.
2091 1223 2113 1258 6
2130 1237 2142 1258 :

1117 1297 1132 1313 α
1151 1283 1315 1318 Deliam
1332 1289 1389 1318 est
1399 1282 1592 1331 Apollinis,
1613 1284 1650 1316 in
1667 1293 1741 1329 qua
1755 1282 1895 1316 nullum
1925 1283 2068 1316 animal
2079 1294 2144 1317 sa-

1114 1344 1168 1377 cri
1196 1349 1302 1376 catur
1328 1354 1339 1374 :
1372 1353 1484 1388 quam
1516 1340 1764 1389 Pythagoram
1804 1342 1909 1377 velut
1940 1341 2146 1375 inviolatam

1114 1399 1319 1436 adoravisse
1329 1399 1507 1447 produnt.
1523 1414 1538 1431 υ
1556 1396 1756 1435 Iamblich.
1773 1400 1816 1434 V.
1832 1397 1993 1447 Pythag.
2017 1400 2044 1443 1,
2061 1398 2096 1443 5,
2112 1410 2147 1443 7.

1118 1456 1233 1494 Clem.
1250 1456 1355 1494 Alex.
1374 1458 1457 1502 Vll,
1475 1459 1614 1494 Strom.
1628 1469 1664 1506 p.
1681 1457 1767 1493 301.
1788 1455 2036 1506 Porphyr.de
2052 1455 2147 1493 abst.

1119 1516 1236 1554 anim.
1249 1528 1286 1566 p.
1301 1514 1492 1552 28.Hadr.
1505 1518 1593 1553 Jun.
1612 1514 1815 1554 Animadv.
1831 1517 1867 1562 I,
1889 1529 1921 1552 o.
1951 1528 1971 1551 2
1983 1529 2013 1552 1.

1603 1584 1666 1622 80.
1683 1602 1687 1606 -

1174 1650 1380 1687 Athenaeus
1399 1653 1464 1697 IV,
1489 1663 1548 1696 17,
1573 1662 1609 1698 p.
1630 1649 1714 1694 163,
1736 1651 1778 1694 E,
1797 1648 2012 1687 Diodorum
2034 1648 2149 1685 fuisse

1121 1708 1256 1746 scribit
1276 1722 1414 1759 genere
1432 1707 1680 1759 Aspendium.
1707 1706 1859 1757 Τίμαιος
1880 1705 1910 1743 δ’
1924 1708 1942 1744 ὁ
1965 1707 2151 1760 Ταυρομε-

1121 1766 1216 1814 νίτης
1229 1767 1264 1805 ἑν
1283 1769 1327 1819 τῇ
1352 1766 1478 1818 ἐννάτῃ
1503 1768 1572 1804 τῶν
1597 1765 1772 1818 Ἱστοριῶν
1801 1764 1880 1817 περὶ
1900 1766 2005 1802 αὐτοῦ
2025 1763 2151 1818 γράφει

1119 1823 1228 1869 οὕτως
1240 1841 1248 1849 ·
1263 1824 1439 1878 Διοδώρου
1450 1855 1460 1873 ,
1486 1829 1547 1863 τοῦ
1566 1824 1605 1862 τὸ
1623 1822 1720 1875 γένος
1736 1823 1949 1871 Ἀσπενδίου,
1966 1822 2030 1869 τὴν
2047 1822 2152 1869 ἐξηλ-

1121 1882 1302 1936 λαγμένην
1320 1881 1566 1934 εἰσαγαγόντος
1585 1879 1819 1929 κατασκευὴν,
1839 1880 1898 1919 καὶ
1922 1886 1993 1924 τοῖς
2027 1882 2151 1919 Πυθα-

1120 1941 1265 1994 γορείοις
1283 1940 1566 1988 πεπλησιακέναι
1584 1939 1889 1993 προσποιηθέντος.
1906 1939 2000 1991 Πρὸς
2020 1938 2056 1977 ὃν
2075 1940 2154 1977 ἐπι-

1121 2000 1276 2040 στέλλων
1301 2003 1319 2038 ὃ
1343 1999 1578 2052 Στρατόνικος
1609 1998 1769 2037 ἐκέλευσε
1801 1998 1859 2036 τὸν
1897 1997 2090 2051 ἀπαίροντα
2110 1998 2151 2037 τὸ

1121 2058 1222 2113 ῥηθὲν
1239 2060 1451 2110 ἀπαγγεῖλαι
1467 2061 1539 2110 «τῷ
1555 2058 1635 2111 περὶ
1646 2056 1868 2110 θηροπέπλου
1880 2057 2007 2107 μανίας
2021 2055 2152 2108 ὕὸρεώς

1120 2134 1158 2158 τε
1180 2117 1435 2172 περιστάσιμον
1456 2117 1562 2156 στοὰν
1582 2113 1699 2169 ἔχοντι
1718 2114 1927 2169 Πυθαγόρου
1944 2115 2119 2168 πελάτᾳ.»

1610 2184 1674 2219 81.

1175 2248 1286 2298 Diog.
1304 2252 1430 2286 Laert.
1447 2251 1534 2285 vm
1550 2276 1560 2292 ,
1589 2249 1635 2291 54
1654 2263 1662 2284 2
1682 2247 1845 2285 Ἀκοῦσαι
1867 2247 1897 2283 δ’
1920 2245 2020 2284 αὐτὸν
2047 2250 2152 2295 (Em-

37 2305 168 2353 ταύτην
189 2307 404 2350 ἐνοικοῦντας
423 2303 641 2356 ἀδιανέμητα
666 2307 870 2351 κεκτῆσθαι.
899 2306 1063 2358 Διαχρῆ-
1125 2306 1327 2356 pedoclem
1347 2305 1414 2358 sc.)
1436 2304 1641 2359 Πυθαγόρου
1668 2304 1819 2355 Τίμαιος
1846 2304 1902 2343 διὰ
1929 2307 1989 2351 τῆς
2009 2303 2152 2350 ἐννάτης

40 2451 161 2485 stitutis
175 2453 335 2494 Epicurus
348 2451 471 2491 scribit,
487 2450 688 2490 Aristoteles,
701 2450 832 2491 juvenis
845 2450 951 2482 adhuc
964 2459 1067 2491 quum
1091 2456 1095 2492 Ι

40 2501 141 2539 esset,
160 2498 391 2539 patrimonium
413 2497 618 2537 exhauserit,
652 2497 794 2538 indeque
821 2496 1010 2538 compulsus
1026 2497 1068 2528 ad
1091 2500 1097 2567 Ι

41 2544 186 2579 militiam
224 2544 342 2577 fuerit?
366 2544 502 2584 deinde,
525 2552 627 2584 quum
643 2552 694 2576 res
709 2544 739 2575 ei
766 2543 874 2575 minus
897 2543 1068 2575 commode

42 2591 178 2631 cederet,
193 2591 293 2632 egerit
307 2591 589 2633 pharmacopolam
598 2614 606 2627 ,
626 2591 730 2623 donec
744 2591 888 2631 tandem,
899 2599 1002 2632 quum
1016 2600 1068 2632 pa-

43 2639 123 2670 teret
144 2638 297 2670 omnibus
312 2638 457 2671 Platonis
473 2638 651 2670 ambulatio
664 2661 673 2677 ‚
693 2643 764 2670 eam
780 2637 843 2670 sibi
869 2638 953 2670 ultro
969 2638 1068 2678 depo-

43 2687 143 2717 sceret
155 2687 168 2717 i’
182 2686 256 2726 quis
271 2685 429 2718 Timaeum
443 2685 749 2717 Tauromenitanum
766 2684 887 2724 audiat,
902 2685 982 2718 dum
1000 2684 1067 2716 suis

5 2754 9 2757 -
43 2730 76 2763 in
96 2730 237 2764 historiis
249 2732 341 2764 illum
361 2732 406 2765 ait
422 2755 432 2772 ,
450 2732 567 2764 affecta
579 2733 647 2772 jam
667 2733 764 2764 aetate
792 2731 940 2764 obscurae
952 2734 985 2763 et
1000 2731 1066 2763 vul-

52 2778 136 2818 gaiis
149 2778 288 2812 officinae
302 2779 438 2811 medicae
454 2779 540 2811 fores
555 2778 710 2810 clausisse
725 2781 738 2810 ἓ

521 2833 583 2865 75.

84 2883 320 2924 cephisodoros
332 2885 441 2916 autem
457 2886 489 2916 et
505 2883 693 2924 Eubulidas,
708 2893 746 2916 ac
762 2884 912 2924 Timaeos‚
929 2884 1067 2916 Dicaear-
1092 2902 1096 2951 γ

46 2929 124 2963 ehos
135 2930 224 2972 item,
239 2931 463 2972 reliquumque
476 2940 606 2963 omnem
621 2940 734 2963 eorum
749 2931 945 2970 exercitum,
963 2931 1020 2971 qui
1035 2930 1068 2962 in

46 2976 244 3010 Aristotelem
258 2978 424 3019 Stagiriten
439 2978 559 3010 invecti
574 2981 662 3018 snnt,
677 2981 733 3019 qui
745 2978 834 3010 facile
852 2986 1068 3019 percenseam,

47 3030 184 3064 qnorum
196 3024 314 3066 scripta
332 3025 374 3058 ad
390 3026 461 3057 haec
478 3034 582 3066 usque
600 3027 747 3066 tempora
758 3049 767 3065 ,
784 3026 940 3065 tanquam
956 3024 1068 3065 impla·

47 3067 157 3102 ubilis
172 3070 236 3103 odii
251 3073 348 3114 atque
362 3071 546 3105 acerbitatis
564 3074 786 3112 monumenta,
800 3074 1038 3113 pervenerunt?

89 3174 210 3208 Habuit
220 3176 317 3209 etiam
328 3177 431 3209 filium
443 3127 630 3210 Aristzizles
641 3177 875 3210 Nicomachum
888 3185 928 3209 ex
941 3175 1071 3217 Herpyl-
1094 3172 1097 3193 ¹

48 3220 112 3253 lide
124 3222 312 3254 concubina.

43 3293 51 3299 .
89 3269 221 3302 Temere
234 3269 313 3301 dicit
327 3270 470 3303 Timaeus
492 3271 695 3303 Aristotelem
720 3271 855 3303 Hesiodi
880 3270 1072 3301 auctoritate

48 3317 172 3348 motum
194 3319 267 3358 post
281 3317 393 3349 uxoris
413 3318 552 3350 mortem
567 3327 643 3350 cum
661 3318 847 3359 Herpyllide
860 3316 981 3349 famula
996 3325 1070 3347 con-

49 3361 207 3403 numism,
220 3372 261 3396 ex
275 3372 376 3405 eaque
389 3364 540 3397 habuisse
555 3365 670 3397 tilium.

1091 2580 1095 2621 Ε
1126 2598 1324 2639 Pythagoras
1338 2598 1453 2630 incolis
1466 2599 1535 2639 ejus
1550 2597 1721 2639 persuasit,
1737 2598 1773 2628 ut
1787 2596 1927 2627 indivisa
1940 2595 2151 2635 possiderent.

1606 2460 1623 2490 7
1633 2460 1666 2491 7.

1163 2505 1226 2536 Res
1241 2504 1419 2536 amicorum
1433 2513 1634 2536 communes.
1653 2504 1795 2535 Timaeus
1811 2503 1857 2535 ait
1871 2502 1953 2534 libro
1969 2511 2054 2534 nono
2069 2526 2078 2541 ,
2093 2503 2154 2533 hoc

1124 2551 1331 2591 proverbium
1356 2551 1483 2583 dictum
1498 2560 1568 2583 esse
1589 2551 1623 2582 in
1637 2553 1752 2591 Magna
1765 2550 1890 2581 Graecia
1903 2572 1912 2585 ,
1928 2558 1993 2590 quo
2009 2551 2154 2589 tempore

1164 2699 1306 2730 Timaeus
1318 2699 1427 2730 narrat
1441 2698 1632 2739 Pythagorae
1647 2697 1743 2728 filiam
1759 2696 1836 2727 dum
1854 2696 1943 2734 virgo
1959 2697 2044 2726 esset
2060 2695 2153 2736 virgi-

1124 2744 1235 2784 nibus,
1254 2747 1436 2777 matronam
1452 2745 1610 2776 matronis
1636 2743 1805 2784 praefuisse
1819 2765 1827 2780 ‚
1858 2741 1991 2772 domurn
2008 2750 2084 2773 vero
2098 2745 2153 2775 Ce-

1123 2792 1185 2824 reri
1202 2801 1408 2825 consecrasse
1437 2791 1642 2824 Crotoniatas
1658 2791 1755 2830 atque
1772 2788 1882 2819 vicum
1905 2788 2066 2827 appellare
2083 2790 2152 2821 Mn-

1124 2848 1226 2870 seum.

1605 2885 1667 2917 80.

1165 2934 1307 2965 Timaeus
1317 2932 1560 2964 Tauromenites
1571 2939 1658 2962 nono
1668 2929 1750 2960 libro
1762 2928 1976 2960 Historiarum
1988 2928 2028 2960 de
2041 2929 2154 2962 eodem

1125 2981 1158 3012 in
1175 2981 1261 3012 hunc
1287 2980 1420 3012 modum
1452 2978 1565 3010 scribit
1580 2987 1587 3008 :
1622 2976 1805 3015 Diodorus,
1823 2984 1938 3016 genere
1951 2975 2133 3016 Aspendius
2145 3001 2154 3015 ,

1125 3028 1317 3059 insolentem
1342 3027 1432 3057 illum
1449 3024 1592 3065 corporis
1609 3024 1734 3055 cultum
1751 3022 1931 3062 invexerat,
1948 3026 1980 3054 et
1995 3023 2154 3064 Pythago-

1126 3075 1226 3106 ricam
1272 3073 1477 3113 disciplinam
1513 3070 1605 3110 sequi
1642 3069 1790 3102 voluerat
1828 3069 1944 3100 videri.
1981 3069 2031 3101 Ad
2057 3079 2154 3111 quem

1125 3130 1228 3162 quum
1255 3120 1411 3151 nuncium
1428 3118 1570 3150 mitteret
1585 3116 1799 3156 stratonicus,
1827 3116 1925 3157 jussit
1953 3118 2156 3157 proficiscen-

1126 3171 1190 3199 tem
1202 3167 1352 3198 mandata
1370 3165 1508 3206 perferre
1524 3163 1911 3205 «sectatoriPythagorae,
1925 3164 2087 3204 porticum
2104 3165 2155 3196 ha-

1126 3214 1216 3246 benti
1230 3213 1425 3245 adfluentem
1450 3220 1570 3243 corona
1585 3211 1776 3247 hominum,
1805 3210 1946 3242 furorem
1961 3210 2030 3251 ejus
2054 3212 2156 3243 serino

1127 3261 1240 3292 habitu
1256 3260 1436 3291 incedentis
1451 3261 1484 3291 et
1500 3258 1657 3300 reliquam
1674 3256 1879 3290 insolentiam
1897 3257 2097 3290 mirantium.
2118 3273 2131 3286 υ

1170 3359 1398 3401 Empedoclem
1405 3358 1602 3391 auscultasse
1609 3313 1820 3400 ἓῑὶιὸἕοῐεη]
1828 3359 1940 3390 auctor
1946 3366 1964 3388 e
1969 3360 1999 3390 st
2004 3358 2158 3400 Timaeus,

1964 3415 2012 3447 14.
