2320 3684
842 125 1008 166 TIMAEI
1038 127 1372 168 FRAGMENTA.

118 277 251 329 steph.
277 279 366 326 Byz.
383 289 392 312 ε
413 270 627 320 Μασσαλία,
652 269 752 314 πόλις
773 272 835 317 τῆς
856 271 1091 320 Λιγυστικῆς,

65 336 160 376 κατὰ
186 334 251 383 τὴν
276 332 467 381 Κελτικὴν,
501 331 644 374 ἄποικος
676 327 874 369 Φωκαέων.
903 328 1091 374 Ἑκαταῖος

65 393 233 449 Εὐρώπῃ.
253 391 404 444 Τίμαιος
420 389 458 429 δέ
473 403 592 442 φησιν,
615 387 668 427 ὅτι
689 387 898 442 προσπλέων
927 390 947 426 ὁ
967 387 1091 442 κυὸερ-

64 453 189 502 νήτης,
209 451 268 491 καὶ
289 450 369 490 ἰδὼν
386 447 506 497 ἁλιέα,
530 447 691 487 ἐκέλευσε
711 452 847 499 μᾶσσαι
863 445 904 485 τὸ
928 445 1090 498 ἇπόγειον

65 511 231 564 σχοινίον.
253 511 401 548 Mamm
424 505 548 561 γὰρτὸ
573 505 678 554 δ’ῆσαί
700 521 804 559 φασιν
831 507 979 550 Αἰολεῖς.
1007 506 1090 545 Ἀπὸ

63 574 145 623 γοῦν
162 572 224 609 τοῦ
242 567 368 612 ἁλιέως
380 566 513 606 καὶτοῦ
532 571 669 618 μᾶσσαι
687 563 903 617 ὠνόμασται.

116 691 271 740 Scymn.
293 688 412 727 Chius
432 685 528 726 orb.
546 625 738 736 (descript.
757 699 793 723 v.
816 686 890 724 208
909 698 992 738 sqq.

164 759 337 794 Μασσαλία
357 759 384 791 δ’
402 759 466 791 ἐστ’
482 757 614 800 ἐχομένη

168 806 256 844 πόλις
271 805 401 848 μεγίστη
410 829 420 845 ,
435 807 584 838 Φωκαῶν
599 803 739 836 ἀποικία.

164 854 218 887 Ἐν
233 857 271 896 τῇ
293 855 466 896 Λιγυστικῇ
490 853 522 885 δὲ
537 852 651 890 ταύτην
667 851 793 884 ἔκτισαν

163 901 224 944 πρὸ
239 904 293 939 τῆς
309 899 410 942 μάχης
425 903 480 939 τῆς
495 900 526 931 ἐν
541 900 691 940 Σαλαμῖνι
704 899 869 940 γενομένης

163 948 263 980 ἐτεσιν
278 947 438 990 πρότερον,
455 947 497 984 ὥς
509 957 614 988 φασιν,
635 945 745 978 ἑκατὸν
760 945 871 978 εἴκοσι.

163 995 293 1036 Τίμαιος
305 995 402 1032 οὕτως
418 996 534 1037 ἱστορεῖ
554 994 587 1026 δὲ
603 994 659 1032 τὴν
671 993 784 1025 κτίσιν.

61 1062 156 1098 Cum
175 1059 319 1097 Timaeo
335 1059 546 1097 concinunt
565 1057 755 1097 Eusebius
775 1066 814 1096 et
831 1058 986 1097 Solinus
1004 1073 1038 1097 c.
1057 1073 1092 1098 2.

60 1118 268 1170 Complura
291 1120 445 1168 Scymn.
460 1118 578 1156 Chius
595 1131 643 1156 ex
661 1117 806 1155 Timaeo
821 1118 861 1154 in
877 1131 944 1155 sua
965 1126 1093 1156 trans—

61 1177 161 1225 tulit,
174 1189 259 1227 quae
273 1175 354 1226 jam
370 1189 603 1228 cognoscere
621 1175 810 1213 nonlicet.
825 1178 922 1213 Nam
945 1190 980 1214 ν.
1005 1178 1092 1229 125,

62 1235 149 1273 loco
168 1236 236 1272 illo
253 1236 390 1273 misere
404 1235 554 1279 mutilo,
570 1234 639 1272 ubi
659 1235 784 1272 fontes
804 1247 894 1272 suos
908 1236 1095 1290 nominat,

60 1294 98 1331 in
120 1297 312 1332 Manuscr.
335 1294 452 1331 Paris.
474 1293 633 1344 legitur:
651 1292 711 1331 καὶ
729 1291 882 1343 ’Τίμαιον
901 1293 1015 1346 (vulg.
1035 1295 1094 1335 καὶ

62 1352 156 1404 λίαν)
172 1350 281 1404 ἄνδρα
303 1351 450 1391 Σικελὸν
471 1354 510 1391 ἐκ
524 1351 779 1405 Ταυρομενίου.

545 1412 567 1449 4
577 1414 609 1449 1.

114 1468 252 1519 Polyb.
272 1471 334 1516 ΙΙ,
359 1469 421 1514 16,
452 1470 512 1516 13,
545 1469 594 1508 de
615 1470 813 1508 Eridano:
833 1468 960 1509 Τᾶλλα
988 1470 1025 1510 δὲ
1049 1471 1094 1510 τὰ

61 1527 142 1582 περὶ
159 1527 217 1566 τὸν
237 1526 395 1579 ποταμὸν
418 1531 540 1567 τοῦτον
563 1527 796 1582 ἱστορούμενα
814 1528 911 1582 παρὰ
923 1535 994 1574 τοῖς
1008 1529 1095 1570 ‘'EX-

61 1587 164 1635 λησι,
183 1586 275 1638 λέγω
292 1586 334 1635 δὴ
348 1586 393 1626 τὰ
405 1587 485 1641 περὶ
503 1586 691 1627 Φαέθοντα
704 1586 763 1626 καὶ
777 1586 840 1635 τὴν
854 1588 985 1627 ἐκείνου
1002 1592 1096 1628 πτῶ-

64 1662 134 1694 σιν,
153 1645 206 1684 ἔτι
221 1644 259 1684 δὲ
277 1644 323 1684 τὰ
341 1645 476 1700 δάκρυα
502 1648 572 1685 τῶν
593 1646 768 1700 αἰγείρων,
792 1645 854 1685 καὶ
884 1646 963 1691 τοὺς
984 1649 1094 1699 μελα-

62 1704 222 1758 νείμονας
243 1703 321 1749 τοὺς
341 1705 421 1759 περὶ
443 1704 503 1744 τὸν
526 1705 685 1757 ποταμὸν
709 1707 889 1750 οἰκοῦντας
902 1737 912 1755 ,
932 1705 990 1751 οὕς
1009 1722 1095 1762 φασι

63 1762 124 1807 τὰς
139 1765 288 1811 ἐσθῆτας
306 1761 413 1802 εἰσέτι
434 1765 494 1802 νῦν
514 1769 630 1818 φορεῖν
652 1763 818 1808 τοιαύτας
835 1763 906 1803 ἀπὸ
924 1769 984 1803 τοῦ
1003 1765 1095 1804 κατὰ

65 1821 253 1861 Φαέθοντα
270 1820 414 1866 πένθους
427 1837 436 1845 ·
456 1821 539 1875 (14)
555 1822 615 1860 καὶ
637 1828 756 1861 πᾶσαν
777 1821 814 1861 δὲ
833 1821 897 1870 τὴν
922 1823 1093 1877 τραγικὴν

63 1879 123 1919 καὶ
140 1880 251 1933 ταύτῃ
272 1886 515 1934 προσεοικυῖαν
540 1880 641 1931 ὕλην,
673 1881 731 1920 ἐπὶ
751 1881 816 1934 μὲν
837 1886 898 1921 τοῦ
924 1882 1096 1936 παρόντος

65 1939 349 1993 ὑπερθησόμεθα,
368 1938 425 1978 διὰ
443 1939 483 1979 τὸ
506 1941 555 1992 μὴ
574 1940 654 1979 λίαν
677 1942 843 1988 καθήκειν
859 1943 910 1995 τῷ
926 1945 988 1989 τῆς
1003 1958 1095 1996 προ-

63 2002 282 2046 κατασκευῆς
290 1997 383 2051 γένει
397 1997 461 2046 τὴν
476 1999 556 2053 περὶ
571 2002 640 2038 τῶν
655 1999 820 2039 τοιούτων
835 2000 1093 2053 ἀκριὸολογίαν.

63 2056 147 2108 (15)
163 2056 433 2102 Μεταλαὸόντες
463 2057 500 2096 δὲ
528 2058 648 2113 καιρὸν
676 2058 899 2114 ἁρμόττοντα
913 2089 924 2107 ,
942 2060 1095 2109 ποιησό-

64 2117 153 2166 μεθα
172 2115 236 2163 τὴν
263 2116 485 2164 καθήκουσαν
509 2117 666 2169 μνήμην,
694 2119 755 2156 καὶ
780 2118 936 2170 μάλιστα
956 2118 1013 2158 διὰ
1031 2118 1095 2167 τὴν

63 2175 219 2227 Τιμαίου
235 2176 314 2231 περὶ
332 2176 413 2222 τοὺς
429 2177 703 2232 προειρημένους
720 2178 845 2223 τόπους
861 2178 1016 2231 ἄγνοιαν.

544 2295 607 2328 39.

103 2350 264 2392 Massalia,
279 2350 357 2384 urbs
380 2351 555 2393 Ligustica,
569 2353 663 2394 juxta
682 2353 851 2395 celticam,
870 2353 997 2387 colonia
1008 2354 1091 2387 Pho-

64 2398 391 2438 caeensium,auct0re
405 2400 567 2432 Hecataeo.
582 2399 733 2432 Perhibet
754 2401 908 2440 Timaeus,
925 2410 997 2433 eam
1014 2401 1092 2433 hinc

64 2453 183 2477 nomen
197 2445 327 2485 habere,
346 2446 434 2487 quod
447 2446 620 2480 nauclerus
629 2447 842 2489 adnavigans,
859 2450 1033 2489 conspecto
1045 2449 1092 2490 pi-

64 2492 206 2531 scatore,
217 2492 351 2533 iusserit
373 2496 511 2534 μᾶσσαι,
529 2493 561 2526 id
571 2495 639 2534 est,
657 2494 768 2535 liyare
781 2494 892 2527 sunem
907 2496 1090 2527 nauticum.

64 2537 160 2579 Apud
174 2537 281 2571 AEoles
296 2540 383 2572 enim
397 2542 517 2581 μᾶσσαι
536 2540 648 2581 liqare
662 2540 831 2582 significat.
854 2544 883 2575 A
899 2551 978 2574 voce
996 2542 1093 2583 igitur

65 2584 177 2624 ἁλιεύς,
191 2586 358 2626 piscator,
373 2588 406 2618 et
419 2589 551 2628 μᾶσσαι,
567 2588 690 2629 hyaroe,
708 2588 787 2621 urbs
801 2589 974 2627 Massalia
992 2589 1094 2621 nomi·

66 2632 140 2663 nata
153 2633 214 2663 est.

544 2688 608 2722 40.

106 2742 258 2776 Finitima
275 2745 325 2776 est
338 2743 500 2785 Massalia,
515 2745 593 2778 urbs
613 2747 768 2788 maxima,
784 2748 910 2780 colonia
924 2748 1095 2781 Phocaeen-

68 2788 172 2830 sium,
185 2789 240 2831 qui
258 2790 292 2821 in
309 2790 441 2831 Liguria
457 2800 529 2823 eam
549 2792 765 2826 condiderunt
780 2797 911 2826 centum
927 2795 960 2827 et
978 2795 1092 2836 viginti

68 2835 172 2877 annis,
191 2837 289 2869 sicuti
304 2836 440 2878 dicunt,
459 2841 533 2871 ante
548 2848 691 2881 pugnam
710 2841 798 2882 apud
816 2842 1022 2874 Salaminem.
1041 2843 1095 2875 Sic

68 2881 208 2916 Timaeus
226 2883 332 2917 refert.

546 2946 612 2980 41.

110 2999 225 3032 cetera
235 3008 309 3041 quae
318 3000 359 3034 de
372 3001 461 3035 Pado
473 3011 493 3034 a
502 3003 625 3036 Graecis
642 3006 720 3038 sunt
730 3005 869 3047 prodita,
879 3007 1094 3040 narrationem

70 3044 202 3086 inquam
219 3046 261 3079 de
292 3047 493 3082 Phaethonte
514 3050 547 3083 et
576 3052 646 3092 ejus
663 3060 742 3084 casu
755 3075 765 3092 ,
782 3052 823 3085 de
838 3053 1031 3095 populorum
1050 3063 1097 3086 ar·

71 3091 186 3124 borum
212 3093 374 3136 lacrimis,
392 3095 432 3128 de
446 3098 550 3129 atrata
565 3098 604 3130 ad
619 3099 706 3131 hunc
720 3108 848 3132 amnem
869 3102 963 3141 gente
974 3124 983 3140 ,
999 3110 1097 3142 quam

72 3138 184 3172 dicunt
195 3140 292 3173 etiam
308 3151 395 3175 nunc
415 3144 573 3176 vestitum
588 3145 681 3177 illum
697 3155 827 3179 servare
842 3156 861 3179 a
887 3148 1097 3180 Phaethontis

72 3185 171 3226 luctu;
188 3187 222 3219 et
235 3196 309 3228 quae
323 3190 401 3222 sunt
415 3190 511 3231 hujus
526 3193 651 3232 generis
666 3194 796 3234 tragicae
809 3193 926 3226 fabulae
942 3194 1025 3234 aliae,
1044 3204 1098 3226 eas

71 3231 363 3285 impraesentimum
384 3236 500 3269 missas
526 3238 662 3271 facimus
681 3249 689 3269 ε
716 3249 821 3281 neque
836 3240 923 3272 enim
940 3249 1097 3281 praepara-

38 3287 42 3289 *
72 3278 164 3320 troni,
178 3281 359 3321 cujusmodi
371 3283 442 3315 haec
456 3285 517 3325 est,
535 3287 716 3319 accuratior
730 3287 771 3318 de
784 3287 902 3319 talibus
919 3287 1098 3327 disputatio

73 3327 267 3359 convenerit.
285 3330 322 3360 ln
336 3330 544 3370 sequentibus
560 3341 648 3372 vero,
661 3333 732 3366 loco
745 3333 844 3375 magis
861 3334 987 3373 idoneo,
998 3333 1096 3364 maxi-

2096 138 2169 173 201

1202 217 1260 254 Cf.
1280 215 1440 254 Diodor.
1461 215 1509 263 V,
1533 215 1593 253 25.
1614 218 1645 253 E
1658 215 1804 254 Timaeo
1824 228 1892 253 sua
1912 214 2037 255 hausit
2055 220 2174 258 Psen-

1147 270 1383 311 do-Aristot.
1404 273 1466 311 1.1.
1481 287 1512 311 c.
1528 273 1592 320 823
1612 286 1648 312 v.
1668 275 1802 312 Ukert.
1815 277 1956 325 Geogr.
1978 278 2008 322 Ι,
2026 286 2124 327 part.
2142 281 2173 326 1,

1149 343 1185 379 p.
1212 332 1297 381 139,
1311 331 1496 370 Niebuhr.
1511 332 1536 371 l.
1553 332 1575 370 1.
1593 335 1624 381 1,
1639 346 1676 384 p.
1699 346 1763 383 29,
1785 334 1848 380 82,
1866 342 1948 371 not.

1629 397 1691 435 42.

1201 463 1354 510 Scymn.
1376 461 1493 499 Chius
1517 475 1553 499 v.
1573 467 1645 507 404
1662 475 1745 513 sqq.
1760 462 1917 516 (Geogr.
1939 466 2032 506 min.
2053 469 2098 506 T.
2122 469 2174 514 11,

1149 532 1188 570 p.
1207 517 1273 570 24)
1294 519 1468 557 Hudson.
1491 536 1499 557 ι

1336 597 1426 636 Ἑξῆς
1445 598 1478 629 δὲ
1500 597 1617 639 μεγάλη
1632 599 1820 643 χερρόνησος
1841 601 1979 643 Ὺλλική,

1295 645 1370 685 πρὸς
1388 645 1443 682 τὴν
1459 645 1697 684 Πελοπόννησόν
1711 658 1740 679 τι
1757 648 1950 690 ἐξισουμένη.

1295 691 1406 727 Πόλεις
1419 691 1446 722 δ’
1460 691 1490 722 ἐν
1504 692 1582 733 αὐτῇ
1598 703 1672 733 φασι
1688 694 1779 726 πέντε
1794 696 1847 726 καὶ
1864 695 1939 727 δέκα

1294 737 1422 774 Ὕλλους
1444 741 1611 778 κατοικεῖν,
1625 739 1712 777 ὄντας
1730 741 1883 780 Ἕλληνας
1901 743 1998 784 γένος.

1295 784 1357 815 Τὸν
1372 785 1560 826 Ἡρακλέους
1576 786 1634 828 γὰρ
1648 786 1759 819 Ὕλλον
1774 789 1916 828 οἰκιστὴν
1931 791 2046 824 λαὸεῖν.

1295 831 1586 874 Ἐκὸαρὸαρωθῆναι
1601 833 1634 865 δὲ
1648 834 1773 872 τούτους
1791 839 1836 877 τῷ
1849 837 1951 879 χρόνῳ

1295 881 1357 914 τοῖς
1371 879 1478 917 ἤθεσιν
1494 880 1652 921 ἱστοροῦσι
1667 884 1729 917 τοῖς
1743 884 1805 913 τῶν
1826 884 1971 924 πλησίον,

1296 925 1339 962 ὥς
1360 936 1435 966 φασι
1451 925 1582 967 Τίμαιός
1595 937 1628 958 τε
1644 928 1698 959 καὶ
1715 928 1948 970 Ἐρατοσθένης.

1296 973 1401 1011 Νῆσος
1416 973 1486 1003 κατ’
1504 972 1613 1009 αὐτοὺς
1636 973 1662 1004 δ’
1684 974 1768 1006 ἐστιν
1790 974 1884 1007 Ἴσσα
1899 977 2047 1018 λεγομένη

1296 1019 1496 1062 Συρακοσίων
1515 1018 1633 1061 ἔχουσα
1646 1022 1703 1059 τὴν
1724 1021 1882 1054 ἀποικίαν.

1151 1078 1214 1117 Sic
1245 1078 1326 1116 haec
1362 1092 1411 1117 ex
1439 1082 1620 1117 Manuscr
1668 1081 1870 1119 Parifflensi
1903 1085 2072 1121 correxit
2104 1089 2179 1124 Le·-

1152 1145 1277 1176 tronn.
1298 1141 1344 1176 In
1381 1137 1518 1176 eodem
1552 1141 1626 1176 Ms.
1662 1152 1734 1190 pro
1772 1138 1891 1186 ἤθεσιν
1922 1142 2062 1192 legitur
2084 1143 2180 1182 ἔθνε-

1152 1212 1217 1236 σιν.
1250 1200 1281 1234 Ε
1298 1197 1441 1236 Timaeo
1467 1206 1504 1251 et
1521 1198 1775 1236 Eratosthene
1812 1199 1924 1236 etiam
1953 1202 2181 1252 Apollonius

1152 1255 1267 1306 hujus
1286 1257 1453 1307 regionis
1488 1257 1787 1308 descriptionem
1812 1260 1991 1297 sumsisse
2012 1261 2183 1310 videtui-3

1152 1329 1188 1354 v.
1206 1316 1488 1354 Schoenemann
1508 1319 1566 1355 De
1579 1329 1710 1368 geogr.
1729 1319 1943 1367 Argonaut.
1963 1332 2001 1369 p.
2024 1320 2073 1357 53
2096 1334 2180 1371 sqq.

1629 1383 1692 1420 43.

1207 1448 1389 1498 Stephan.
1427 1445 1771 1500 Byz.:'A97159w02,
1794 1447 1888 1491 ἔθνος
1914 1448 2183 1502 Ἠπειρωτικὸν,

1153 1509 1200 1550 ὥς
1217 1506 1367 1558 Τίμαιος
1381 1505 1440 1545 καὶ
1457 1505 1572 1545 Θέων.
1587 1506 1658 1545 Καὶ
1678 1507 1883 1559 Λυκόφρων·
1896 1508 1958 1551 Εἷς
1970 1507 2002 1546 Ἀ
2009 1508 2185 1562 ργυρίνους

1152 1566 1212 1605 καὶ
1228 1566 1428 1620 Κεραυνίων
1444 1565 1569 1610 νάπας.

1627 1602 1694 1669 44.

1207 1698 1416 1736 Athenaeus
1434 1699 1551 1747 XIII,
1572 1698 1608 1745 8,
1625 1710 1662 1747 p.
1685 1697 1775 1743 602,
1795 1699 1845 1733 F:
1863 1697 1917 1735 Τὸ
1939 1697 2183 1750 παιδεραστεῖν

1152 1755 1250 1810 παρὰ
1264 1755 1414 1809 πρώτων
1431 1757 1582 1809 Κρητῶν
1599 1757 1647 1800 εἷς
1666 1754 1745 1799 τοὺς
1757 1754 1939 1803 ἽΞλληνας
1951 1758 2128 1807 παρῆλθε,
2138 1760 2186 1803 ὡς

1151 1817 1282 1868 ἱστορεῖ
1298 1814 1461 1866 Τίμαιος.

1207 1874 1315 1912 Idem
1335 1877 1378 1922 V,
1400 1875 1462 1922 28,
1483 1887 1520 1924 p.
1549 1874 1635 1922 181,
1659 1876 1688 1912 C
1708 1888 1717 1911 ε
1741 1875 1788 1913 Οἱ
1809 1872 1846 1910 δὲ
1871 1874 2097 1913 Λακωνισταὶ
2126 1876 2185 1914 λε-

1152 1931 1314 1984 γόμενοι,
1353 1931 1457 1986 φησὶν
1483 1935 1502 1970 ὁ
1532 1931 1706 1983 Τίμαιος,
1744 1932 1779 1970 ἐν
1810 1931 2040 1983 τετραγώνοις
2070 1940 2186 1985 χοροῖς

1153 1986 1248 2044 ᾖδον.

1632 2054 1695 2093 45.

1206 2120 1320 2171 Diog.
1341 2123 1466 2158 Laert.
1483 2123 1527 2158 V.
1549 2120 1725 2171 Epimen.
1745 2123 1782 2164 Ι,
1808 2135 1820 2157 1
1835 2127 1878 2166 ι4
1898 2137 1906 2159 :
1929 2122 2029 2169 Φησὶ
2051 2121 2086 2160 δὲ
2103 2124 2182 2170 Δη-

1119 2151 1125 2218 i
1155 2178 1300 2233 μήτριος
1317 2178 1414 2224 τινὰς
1430 2182 1595 2232 ἱστορεῖν,
1616 2181 1662 2222 ὡς
1680 2178 1785 2218 λοίὸοι
1803 2179 1901 2234 παρὰ
1931 2182 2089 2234 Νυμφῶν
2111 2182 2184 2220 ἔδε-

1152 2298 1205 2322 me
1220 2291 1258 2321 ut
1273 2288 1386 2321 Timaei
1403 2288 1615 2329 ignorantiam
1634 2288 1750 2320 horum
1772 2290 1937 2321 tractuum
1953 2291 2161 2322 ostendamus
2175 2314 2185 2330 ,

1151 2336 1258 2378 quoad
1273 2336 1352 2369 satis
1366 2335 1438 2375 erit,
1454 2336 1517 2368 ista
1529 2344 1644 2368 sumus
1658 2337 1870 2377 persecuturi.

1635 2397 1699 2429 42.

1195 2449 1345 2490 Sequitur
1353 2457 1468 2489 magna
1483 2449 1704 2481 Chersonesus
1727 2448 1861 2489 Hyllica‚
1878 2448 2098 2489 Peloponneso
2120 2449 2185 2481 sere

1152 2496 1299 2537 aequalis.
1314 2498 1351 2528 In
1361 2505 1426 2537 qua
1434 2495 1619 2537 quindecim
1633 2495 1730 2527 urbes
1745 2495 1879 2527 habitari
1890 2496 2002 2527 dicunt
2013 2495 2053 2526 ab
2065 2495 2181 2535 Hyllis,

1152 2543 1275 2576 Graecis
1288 2552 1413 2584 genere,
1430 2551 1505 2574 nam
1523 2542 1671 2574 Herculis
1687 2542 1789 2574 lilium
1801 2542 1930 2582 Hyllum
1945 2541 2097 2573 habuisse
2112 2550 2184 2572 con-

1153 2590 1301 2623 ditorem.
1318 2592 1386 2622 Hos
1398 2598 1476 2622 vero
1510 2590 1665 2630 temporis
1681 2598 1831 2621 successu
1859 2589 2011 2619 barbaros
2043 2588 2184 2619 evasisse

1154 2640 1286 2670 narrant
1316 2637 1463 2669 moribus
1487 2637 1682 2678 populorum
1711 2636 1901 2673 vicinorum,
1918 2637 1955 2666 ut
1971 2634 2104 2667 tradunt
2129 2634 2181 2667 'ri-

1154 2693 1258 2717 maeus
1282 2687 1315 2717 et
1348 2684 1591 2716 Eratosthenes.
1614 2683 1725 2715 Insula
1747 2682 1810 2714 illis
1830 2685 1881 2714 est
1895 2684 1964 2713 lssa
1982 2681 2087 2722 dicta,
2105 2690 2179 2722 quae

1155 2735 1431 2774 Syracusanorum
1451 2731 1612 2763 coloniam
1626 2730 1734 2762 habet.

1196 2839 1359 2880 Argyrini,
1375 2846 1452 2879 gens
1469 2836 1642 2877 Epirotica,
1655 2833 1842 2867 auctoribus
1855 2833 1977 2866 Timaeo
1992 2835 2024 2866 et
2038 2833 2179 2867 Theone.

1155 2887 1260 2927 HuJus
1293 2893 1422 2927 quoque
1453 2883 1645 2924 Lycopliron
1662 2881 1810 2913 meminit
1832 2889 1841 2911 z
1864 2880 1912 2912 Ad
1945 2881 2121 2921 Argyrinos
2151 2884 2184 2913 et

1156 2933 1388 2965 Cerauniorum
1404 2930 1517 2962 saltus.

1198 3041 1377 3071 Puerorum
1400 3044 1490 3067 amor
1505 3043 1524 3066 a
1540 3033 1750 3066 Cretensibus
1773 3032 1888 3073 primis
1904 3031 1946 3064 ad
1963 3033 2095 3065 Graecos
2128 3042 2180 3065 ve·

1156 3086 1216 3125 nit,
1233 3087 1270 3116 ut
1282 3085 1390 3115 narrat
1401 3084 1554 3114 Timaeus.

1197 3131 1380 3164 Laconistae
1404 3130 1459 3170 qui
1477 3128 1630 3160 dicuntur
1645 3151 1654 3167 ,
1682 3127 1837 3160 referente
1851 3127 1973 3159 Timaeo
1985 3149 1995 3166 ‚
2016 3126 2048 3158 in
2073 3127 2180 3159 choris

1157 3177 1323 3220 quadratis
1339 3176 1506 3208 canebant.

1201 3282 1382 3314 Demetrius
1401 3282 1491 3320 dicit,
1506 3281 1631 3314 tradere
1644 3280 1817 3312 nonnullos
1830 3305 1838 3320 ‚
1853 3279 2078 3321 Epimenidem
2093 3287 2181 3311 acee-

1159 3339 1244 3371 pisse
1259 3339 1276 3361 a
1290 3329 1439 3370 nymphis
1452 3329 1562 3360 cibum
1575 3337 1714 3369 eumque
1729 3336 1874 3360 servasse
1890 3327 1922 3359 in
1940 3325 2032 3359 bovis
2049 3326 2180 3367 ungulo,
