2320 3684
156 209 199 242 12
908 196 1146 236 HECATAEI
1174 195 1508 236 FRAGMENTA.

211 350 348 388 Athen.
371 352 421 394 II,
442 361 478 397 p.
510 359 583 393 70:
606 344 792 387 Ἑκαταῖος
824 343 854 381 δ’
888 345 907 380 ὁ
941 340 1116 389 Μιλήσιος
1146 342 1181 380 ἓν

160 408 275 451 Ἀσίας
290 404 519 460 περιηγήσει,
539 404 568 441 εἰ
583 402 724 454 γνήσιον
744 405 804 440 τοῦ
821 401 1048 455 συγγραφέως
1067 400 1107 439 τὸ
1125 403 1180 453 βι-

160 466 258 505 ὅλίον
287 463 538 516 (Καλλίμαχος
558 460 627 515 γὰρ
655 461 739 500 αὐτὸ
766 459 960 514 ἀναγράφει
980 458 1182 512 Νησιώτου)

159 524 253 568 ὅστις
283 518 341 563 oliv
368 522 460 561 ἐστὶν
483 523 502 559 ὃ
522 519 690 568 ποιήσας,
721 519 817 572 λέγει
847 519 958 558 οὕτω·
984 519 1086 573 «περὶ
1120 517 1182 565 τὴν

161 582 350 637 Ὑρκανίην
365 580 544 619 θάλασσαν
561 576 776 630 καλεομένην
794 578 898 632 οὔρεα
913 576 1031 632 ὑψηλὰ
1042 577 1102 616 καὶ
1122 575 1184 615 δά-

161 657 224 680 σεα
239 640 356 693 ὕλῃσι,
380 639 438 678 ἐπὶ
457 638 494 677 δὲ
509 644 618 677 τοῖσιν
632 637 767 690 οὔρεσιν
791 637 926 676 ἄκανθα
937 635 1110 690 κυνάρα.»

213 757 352 795 Athen.
369 755 512 794 ibidem
532 770 540 792 :
562 754 635 793 Καὶ
657 753 745 801 ἑξῆς·
768 753 946 806 «Πάρθων
977 753 1063 808 πρὸς
1087 753 1184 800 ἥλιον

161 814 352 867 ἀνίσχοντα
373 813 572 867 Χοράσμιοι
598 815 731 852 οἰκοῦσι
750 815 815 864 γῆν
831 811 968 865 ἔχοντες
997 811 1056 850 καὶ
1083 811 1187 850 πεδία

161 873 219 912 καὶ
245 872 360 926 οὔρεα·
391 875 426 912 ἐν
453 872 490 911 δὲ
517 878 628 911 τοῖσιν
664 871 780 924 οὔρεσι
811 871 952 925 δένδρεα
981 870 1033 910 ἔνι
1064 869 1188 924 ἄγριοι,

161 931 295 970 ἄκανθα
321 931 468 984 κυνάρα,
487 930 585 982 ἰτέα,
604 929 772 984 μυρίκη.»
797 930 904 968 Idem
923 932 976 969 St.
1003 933 1044 968 Β.
1070 931 1189 982 Χορα-

161 990 261 1041 σμίη,
278 990 379 1034 πόλις
397 990 482 1043 πρὸς
496 988 542 1028 ἔω
558 988 810 1043 Πάρθων.Ἑκ.
826 988 943 1032 Ἀσίας
961 987 1187 1041 περιηγήσει·

162 1051 221 1088 «ἐν
237 1048 273 1088 δὲ
287 1053 404 1093 αὐτοῖς
422 1047 522 1092 πόλις
541 1047 743 1101 Χορασμίη.
757 1067 772 1083 »
791 1048 899 1087 Αὐτοὶ
917 1046 954 1086 δὲ
969 1047 1188 1101 Χοράσμιοι,

162 1110 209 1152 ὡς
225 1107 327 1151 αὐτός
346 1123 452 1161 φησι·
475 1106 653 1161 «Πάρθων
674 1105 759 1160 πρὸς
781 1105 878 1153 ἥλιον
901 1105 1090 1158 ἀνίσχοντα
1112 1107 1190 1145 Χο-

164 1167 309 1218 τάσμιοι
328 1168 475 1206 οἰκοῦσι.
508 1184 523 1201 υ

637 1218 722 1256 174.

216 1280 358 1318 Athen.
381 1278 526 1316 ibidem
547 1292 555 1314 :
580 1277 651 1316 Καὶ
664 1277 744 1331 περὶ
760 1276 818 1316 τὸν
839 1276 947 1316 Ἰνδὸν
969 1276 1005 1315 δέ
1024 1291 1109 1330 φησι
1126 1291 1191 1314 πο-

163 1338 279 1389 ταμὸν
293 1336 448 1389 γίνεσθαι
464 1335 527 1384 τὴν
548 1334 716 1389 κυνάραν.

638 1396 652 1432 1
664 1394 726 1434 75.

218 1457 271 1493 St.
287 1458 326 1492 B.
349 1453 493 1501 Ὦπίαι,
514 1452 608 1496 ἔθνος
638 1451 795 1491 Ἰνδικόν.
827 1452 907 1492 Ἕκ.
932 1452 1050 1505 Ἀσίᾳ·
1077 1452 1136 1489 «ἐν
1161 1451 1191 1489 δ’

165 1514 279 1556 αὐτοῖς
291 1511 460 1551 οἰκέουσιν
475 1511 756 1566 ἅνθρωποιπαρὰ
770 1511 876 1551 Ἰνδὸν
885 1510 1044 1562 ποταμὸν
1053 1509 1192 1562 Ὠπίαι,

164 1573 198 1610 ἐν
215 1570 251 1610 δὲ
269 1577 383 1624 τεῖχος
400 1570 595 1623 βασιλήϊον,
610 1569 716 1623 μέχρι
732 1569 856 1609 τούτου
871 1569 1012 1620 Ὼπίαι,
1029 1569 1098 1608 ἀπὸ
1113 1568 1193 1607 τού-

164 1645 225 1668 του
250 1629 379 1684 ἐρημία
403 1629 527 1683 μέχρις
545 1630 705 1668 Ἰνδῶν.»

644 1690 658 1726 1
668 1688 730 1727 76.

218 1749 274 1785 St.
296 1751 338 1785 B.
355 1745 546 1800 Ἀργάντη,
563 1746 663 1789 πόλις
683 1746 826 1796 Ἰνδίας,
842 1748 889 1790 ὡς
904 1746 1104 1790 Ἑκαταῖος.

639 1804 726 1844 177.

220 1866 272 1902 St.
292 1867 334 1902 B.
354 1862 544 1911 Καλατίαι,
568 1861 662 1906 ἔθνος
677 1861 835 1901 Ἰνδικόν.
853 1862 932 1901 Ἕκ.
948 1863 1020 1901 Ἀσ.

641 1924 654 1959 l
665 1921 727 1960 78.

1238 287 1285 322 Et
1314 284 1364 323 ib.
1394 299 1424 322 s.
1452 299 1486 323 v.
1504 284 1676 338 Γάνδροι·
1701 283 1795 328 ἔθνος
1812 283 1930 323 Ἰνδῶν
1943 305 1994 314 -
2015 283 2092 324 Έκ.
2113 284 2149 323 δε
2171 285 2199 324 Γ
2202 300 2262 324 αν-

1238 342 1345 397 δάρας
1362 343 1485 387 αὐτοὺς
1501 343 1616 382 καλεῖ.

1715 409 1802 448 179.

1294 477 1352 513 St.·
1370 478 1410 513 Β.
1447 472 1713 525 Κασπάπυρος,
1738 472 1838 516 πόλις
1871 471 2090 526 Γανδαρικὴ,
2121 474 2263 512 Σκυθῶν

1241 531 1349 580 ἀκτή’
1371 531 1450 571 Ἑκ.
1469 531 1543 571 Ἀσ.

1715 596 1800 635 180.

1294 666 1347 701 St.
1367 665 1408 700 B.
1431 660 1634 716 Παρικάνη,
1655 660 1754 705 πόλις
1783 662 1954 715 Περσική·
1974 661 2054 701 Ἕκ.
2075 661 2184 715 Ἀσία·
2203 662 2266 700 «ἐν

1243 721 1272 759 δ’
1294 723 1430 760 αὐτοῖσι
1448 720 1549 765 πόλις
1568 720 1758 775 Παρικάνη
1776 720 1919 774 οὔνομα.
1932 738 1948 755 ι)

1714 786 1800 824 181.
1837 796 1842 799 “

1296 854 1350 890 St.
1380 854 1421 889 B.
1436 850 1650 899 Χανδανάκη
1663 879 1675 898 ,
1688 850 1788 895 πόλις
1805 851 1977 905 Περσική·
1998 851 2077 892 Ἕκ.
2097 850 2183 907 Εὗρ.

1711 916 1798 954 182.

1297 984 1350 1019 St.
1364 984 1407 1019 B.
1426 979 1541 1033 Κύρη,
1556 983 1660 1027 ν’ἧσος
1679 982 1713 1019 ἓν
1727 983 1777 1035 τῷ
1801 983 1967 1036 Περσικῷ
1986 981 2118 1034 κόλπῳ·
2137 980 2215 1021 Ἕκ.
2235 981 2270 1020 ἐν

1244 1038 1484 1092 περιηγήσεως
1517 1039 1677 1093 δευτέρῳ.
1722 1044 1767 1078 In
1795 1040 2030 1078 editionibus
2061 1039 2196 1078 Aldina
2234 1048 2272 1078 et

1244 1099 1399 1136 Iuntina
1429 1099 1570 1149 legitur
1587 1099 1622 1136 ἐν
1647 1101 1699 1152 τῷ
1717 1100 1883 1153 Περσικῷ
1901 1097 2031 1152 πόντῳ.

1299 1236 1354 1273 St.
1379 1237 1422 1272 B.
1447 1233 1579 1283 Μυκοί,
1605 1233 1700 1278 ἔθνος
1729 1234 1811 1288 περὶ
1846 1229 1886 1273 οῧ
1919 1234 1999 1273 Ἓκ.
2020 1235 2055 1272 ἓν
2079 1233 2187 1287 Ἀσία·
2209 1234 2273 1271 «ἐκ

1246 1293 1379 1330 Μυκῶν
1394 1293 1441 1335 εἰς
1458 1291 1604 1345 Ἀράξην
1618 1293 1819 1339 ποταμόν.»
1850 1293 1905 1332 Cf.
1927 1294 1973 1330 fr.
2004 1307 2089 1341 170.

1722 1364 1810 1402 184.

1302 1428 1356 1466 St.
1381 1431 1421 1466 B.
1451 1427 1601 1476 Σιτακή,
1620 1427 1720 1471 πόλις
1748 1427 1921 1482 Περσικὴ,
1939 1429 1985 1471 ὡς
1999 1427 2078 1466 Ἕκ.
2098 1426 2205 1480 Ἀσίᾳ.
2228 1427 2273 1466 Ὁ

1247 1486 1392 1534 πολίτης
1409 1485 1616 1538 Σιτακηνός,
1637 1486 1698 1526 καὶ
1720 1489 1742 1534 ἡ
1759 1486 1861 1541 χώρα
1880 1485 2074 1533 Σιτακηνή.

1723 1559 1808 1596 185.

1302 1625 1354 1661 St.
1387 1626 1429 1660 Β.
1460 1621 1626 1676 Κόραξοι,
1654 1622 1747 1667 ἔθνος
1774 1622 1939 1674 Κόλχων,
1959 1621 2107 1669 πλησίον
2125 1621 2272 1661 Κώλων·

1249 1681 1327 1721 Ἕκ.
1349 1681 1420 1720 Ἀσ.
1449 1681 1643 1735 Κοραξικὸν
1663 1688 1777 1734 τεῖχος
1795 1681 1854 1720 καὶ
1878 1680 2055 1735 Κοραξικὴ
2084 1680 2196 1734 χώρα.
2217 1681 2273 1719 Cf.

1249 1741 1412 1779 eundem
1427 1742 1467 1778 in
1487 1740 1694 1793 Χαριμάται
1711 1757 1719 1779 :
1740 1740 1814 1780 Καὶ
1833 1740 2039 1783 Ἑλλάνικος
2055 1741 2090 1778 ἐν
2110 1739 2275 1778 Κτίσεσιν

1250 1801 1355 1838 ἐθνῶν
1373 1799 1432 1838 καὶ
1445 1799 1592 1838 πόλεων·
1609 1799 1832 1854 Κερκεταίων
1847 1800 1877 1837 δ’
1893 1798 1966 1837 ἅνω
1985 1801 2117 1838 οἰκοῦσι
2135 1797 2276 1850 Μόσχοι

1250 1858 1310 1898 καὶ
1329 1861 1548 1912 Χαριμάται,
1568 1859 1665 1898 κάτω
1684 1859 1712 1897 δ’
1738 1858 1911 1911 Ἡνίοχοι,
1942 1858 2014 1896 ἄνω
2043 1856 2079 1896 δὲ
2110 1856 2275 1911 Κοραξοί.

1251 1921 1442 1966 Cercetas,
1459 1920 1622 1956 Achaeos
1639 1927 1677 1957 et
1690 1919 1910 1957 Heniochos
1923 1918 2062 1968 Scylax
2080 1917 2162 1969 (75)
2177 1918 2278 1955 inter

220 1980 274 2018 St.
300 1982 340 2017 B.
363 1977 682 2033 Γάνδαραι,Ἰνδῶν
705 1979 809 2023 ἔθνος.
831 1979 909 2018 Ἕκ.
931 1979 1001 2018 Ἀσ.
1024 1979 1196 2031 Αέγονται
1253 1978 1435 2016 Sindicen
1458 1986 1495 2016 et
1525 1980 1695 2016 Coraxos
1712 1979 1890 2025 collocat,
1909 1991 2035 2028 neque
2054 1980 2277 2016 Hecataeum

167 2037 227 2076 καὶ
258 2037 447 2092 Γανδάριοι
483 2039 571 2091 παρ’
599 2041 694 2093 αὐτῷ
721 2039 780 2077 καὶ
809 2037 1010 2092 Γανδαρικὴ
1031 2042 1053 2086 ἡ
1081 2038 1195 2092 χώρα.
1221 2038 1228 2077 l
1254 2037 1324 2075 hos
1339 2038 1555 2088 praeterisse
1581 2037 1781 2088 probabile
1811 2045 1879 2075 est.

633 2150 649 2187 1
659 2158 679 2190 7
683 2158 720 2189 2.

207 2208 377 2239 Hecataeus
398 2216 476 2239 vero
491 2207 637 2240 Milesius
651 2232 661 2248 ,
686 2208 714 2240 si
735 2208 833 2240 modo
847 2217 923 2241 vere
944 2208 1030 2240 illius
1051 2208 1193 2240 auctoris

163 2252 244 2285 liber
259 2256 309 2285 est
331 2254 568 2294 (Callimachus
583 2255 669 2286 enim
682 2255 836 2287 Insulano
852 2255 985 2296 tribuit)
999 2279 1008 2295 ,
1034 2255 1090 2288 sed
1105 2255 1192 2296 quis-

164 2300 238 2340 quis
254 2303 366 2332 auctor
381 2301 478 2334 suerit
493 2325 502 2341 ‚
522 2302 569 2333 sic
586 2302 699 2334 scribit
713 2312 721 2334 :
753 2315 768 2330 a
783 2302 874 2334 Circa
889 2305 1077 2343 Hyrcanum
1092 2311 1192 2341 mare,

165 2347 255 2387 quod
269 2350 403 2380 vocatur
417 2372 425 2388 ,
448 2351 574 2381 montes
590 2351 667 2382 sunt
682 2349 800 2382 excelsi
815 2352 847 2382 et
862 2349 953 2382 silvis
969 2349 1060 2382 densi
1074 2359 1082 2380 :
1106 2350 1138 2382 et
1159 2350 1192 2381 in

165 2394 227 2427 illis
243 2395 411 2427 montibus
425 2395 517 2436 spina
533 2404 662 2436 cynara.
679 2409 694 2424 n

206 2501 249 2532 Et
274 2500 411 2533 deinde:
441 2513 458 2529 «
474 2507 502 2533 A
521 2502 648 2533 Parthis
672 2511 786 2534 versus
810 2502 965 2534 orientem
989 2502 1088 2534 solem
1111 2503 1192 2535 Cho-

165 2547 274 2579 rasmii
288 2548 444 2589 habitant,
459 2548 619 2589 regionem
629 2551 772 2581 tenentes
787 2551 818 2581 et
834 2550 1046 2590 campestrem
1057 2552 1088 2582 et
1101 2559 1190 2582 mon-

163 2597 294 2626 tosam:
320 2595 356 2626 in
379 2595 546 2627 montibus
562 2604 639 2627 vero
667 2596 831 2628 silvestres
855 2599 1033 2628 nascuntur
1048 2597 1190 2639 arbores,

163 2642 257 2682 spina
272 2651 408 2683 cynara,
429 2643 530 2682 salix,
549 2643 774 2675 tamariscus.»

205 2689 404 2729 Chorasmie,
421 2689 499 2722 urbs
513 2690 554 2722 ad
569 2689 724 2722 orientem
737 2690 941 2722 Parthorum.
959 2692 1089 2722 Hecat.:
1107 2694 1192 2724 «Est

165 2735 210 2766 ibi
236 2735 314 2767 urbs
340 2736 540 2769 Chorasmie.
558 2750 574 2765 »
598 2736 664 2777 Ipsi
679 2745 757 2768 vero
780 2736 896 2768 incolae
917 2737 1099 2769 Chorasmii
1115 2763 1124 2778 ‚
1155 2741 1191 2770 ut

164 2781 250 2814 idem
270 2783 367 2814 dicit:
405 2797 420 2811 «
435 2784 628 2816 Parthorum
643 2783 683 2815 ad
709 2783 865 2816 orientem
890 2782 991 2815 solem
1009 2784 1190 2817 Chorasmii

165 2828 319 2861 habitant.
336 2843 351 2858 n

627 2885 641 2917 1
652 2886 672 2918 7
677 2885 712 2918 4.

206 2939 311 2971 Etiam
325 2941 366 2972 ad
382 2941 500 2973 Indum
517 2941 654 2974 ssuvium
667 2951 818 2983 cynaram
838 2942 969 2983 reperiri
985 2942 1072 2974 dicit.

632 2998 647 3028 1
657 2997 718 3030 75.

206 3050 315 3090 opine,
342 3053 478 3092 populus
494 3054 606 3086 Indiae.
642 3056 740 3086 Hec.:
771 3067 786 3082 «
801 3055 888 3087 Inter
902 3062 958 3086 eos
974 3057 1082 3086 autem
1101 3055 1188 3086 habi-

165 3098 234 3128 tant
250 3097 395 3130 homines
410 3100 442 3139 ju
448 3102 501 3131 xta
513 3101 630 3132 Indum
646 3101 781 3133 fluvium
792 3101 894 3142 Opiae.
916 3102 975 3133 Est
987 3110 1063 3133 vero
1074 3110 1187 3133 murus

165 3143 289 3222 {ggiluss
311 3144 349 3178 ad
370 3145 457 3176 hunc
473 3155 574 3187 usque
591 3148 682 3188 Opiae
693 3171 702 3187 ,
715 3148 756 3180 ab
780 3149 842 3180 hoc
862 3150 912 3180 est
929 3148 1069 3180 solitudo
1085 3144 1187 3189 usque

234 3199 256 3221 n
280 3199 327 3222 OS.
348 3204 362 3218 »

204 3296 362 3335 Argante,
387 3296 463 3327 urbs
477 3297 585 3328 Indiae.
636 3250 719 3281 176·

202 3399 350 3439 Calatire‚
369 3409 445 3439 gens
464 3403 581 3433 Indica.
635 3353 718 3385 177.

1295 2208 1627 2248 Gandarae,1ndorum
1641 2216 1730 2249 gens,
1745 2209 1822 2239 Hec.
1839 2207 1999 2238 Dicuntur
2014 2205 2111 2238 etiam
2123 2205 2277 2238 Gandarii

1252 2256 1337 2298 apud
1357 2256 1465 2297 ipsum
1479 2257 1512 2288 et
1528 2255 1710 2288 Gandarica
1731 2254 1827 2295 regio.
1845 2272 1886 2276 -

1294 2302 1428 2343 Gandri‚
1446 2302 1586 2344 populus
1600 2302 1768 2342 Indorum,
1779 2325 1786 2332 .
1800 2325 1808 2332 .
1819 2325 1826 2332 .
1844 2302 2013 2334 Hecataeus
2028 2308 2105 2332 vcro
2124 2312 2140 2327 α
2153 2300 2292 2332 Ganda-.

1252 2360 1305 2383 ras
1321 2363 1337 2379 »
1354 2359 1409 2382 eos
1423 2352 1530 2382 vocat.

1293 2447 1510 2486 Caspapyrus‚
1528 2444 1606 2476 urbs
1623 2397 1820 2483 Gandalricg,
1837 2443 2028 2484 Scytharum
2045 2450 2122 2473 vero
2136 2441 2238 2473 littus.

1714 2499 1729 2530 1
1793 2522 1801 2530 .

1293 2551 1457 2590 Paricane,
1473 2551 1551 2582 urbs
1565 2551 1704 2583 Persica.
1721 2499 1799 2582 Hseg.
1814 2559 1821 2580 ;
1842 2561 1858 2577 «
1871 2551 1930 2581 Est
1941 2556 2019 2581 vero
2031 2547 2117 2588 apud
2130 2555 2186 2579 eos
2199 2545 2276 2578 urbs

1250 2598 1402 2630 Paricane
1417 2598 1558 2630 nomine.
1575 2611 1590 2626 υ

1713 2647 1730 2678 1
1739 2645 1782 2677 81
1792 2669 1800 2678 .

1293 2698 1524 2738 Chandanace,
1541 2697 1620 2730 urbs
1636 2697 1775 2729 Persica.

1291 2812 1386 2850 Cyre,
1408 2810 1513 2842 insula
1531 2811 1566 2842 in
1581 2810 1654 2842 sinu
1671 2758 1810 2841 Ρθὲεῗοίἶ

1292 2904 1377 2945 Myci
1391 2928 1400 2944 ,
1430 2904 1569 2945 populus
1583 2927 1592 2943 ‚
1613 2904 1653 2935 de
1667 2857 1735 2944 qm}
1744 2858 1825 2935 {bec
1839 2913 1846 2934 :
1879 2916 1894 2930 z<
1911 2905 1958 2934 Ex
1981 2901 2084 2942 Mycis
2099 2902 2131 2933 in
2147 2904 2272 2935 Araxen

1249 2951 1396 2983 fluvium.
1412 2964 1427 2978 ν

1719 2999 1732 3030 1
1742 2999 1789 3030 84
1796 3022 1804 3030 .

1290 3057 1409 3095 Sitace‚
1428 3056 1506 3088 urbs
1520 3056 1661 3093 Persica,
1679 3058 1715 3088 ut
1730 3057 1807 3088 Hec.
1838 3055 1928 3087 Civis
1942 3079 1950 3094 ,
1969 3055 2156 3093 Sitacenus,
2179 3055 2212 3086 et
2227 3062 2272 3086 re-

1247 3104 1298 3145 gio
1311 3127 1321 3143 ,
1343 3105 1502 3135 Sitacene.

1715 3157 1802 3189 185.

1287 3215 1417 3255 Coraxi,
1436 3223 1514 3255 gens
1530 3215 1741 3253 Colchorum,
1758 3223 1857 3255 prope
1873 3213 1980 3246 Colos.
1997 3215 2074 3245 Hcc.
2093 3214 2269 3245 Coraxicus

1247 3272 1370 3302 murus,
1390 3265 1422 3294 et
1435 3262 1591 3294 Coraxica
1606 3262 1701 3302 regio.
1720 3279 1758 3284 —-
1785 3261 1970 3294 Hellanicus
1994 3261 2090 3292 etiam
2106 3261 2147 3293 de
2161 3260 2270 3292 condi-

1245 3310 1286 3342 tis
1304 3309 1454 3350 gentibus
1470 3310 1503 3341 et
1518 3308 1673 3340 urbibus:
1692 3323 1707 3334 «
1719 3311 1821 3348 Supra
1832 3308 2011 3339 Cercetaeos
2029 3308 2173 3339 habitant
2205 3309 2270 3339 Μο-

1245 3358 1324 3397 schi,
1344 3360 1375 3390 et
1409 3357 1616 3397 Charimatae,
1638 3356 1719 3387 infra
1736 3365 1811 3387 vcro
1846 3355 2010 3395 Heniochi,
2040 3364 2136 3396 supra
2162 3356 2268 3387 autem

1245 3405 1371 3438 Coraxi.
1393 3419 1407 3432 n
