2320 3684
871 137 1069 178 EPHORI
1103 137 1441 178 FRAGMENTA.

95 229 215 281 μένου,
232 227 350 267 τῶνδὲ
376 226 627 281 Καρχηδονίων
645 225 794 276 ἑτοίμων
817 223 928 262 ὄντων
957 230 1126 277 συμπρᾶ-

94 286 150 333 ξαι
168 290 219 341 τῷ
247 286 384 341 Ξέρξῃ,
404 285 549 326 Γέλωνα
568 283 746 327 διακοσίας
761 287 844 326 ναῦς
874 283 1127 336 εὖτρεπίσαντα

67 350 70 354 ’
95 346 155 385 καὶ
173 345 362 397 δισχιλίους
381 348 497 388 ἱππεῖς
516 341 577 382 καὶ
595 342 718 388 πεζοὺς
741 342 882 395 μυρίους
909 345 1127 380 κατακοῦσαι

94 404 217 444 στόλον
238 403 490 458 Καρχηδονίων
518 401 671 440 πλέοντα
693 401 751 440 ἐπὶ
774 399 940 440 Σικελίαν
968 400 1028 439 καὶ
1047 401 1127 439 δια-

95 463 351 517 μαχησάμενον
389 463 429 500 οὗ
472 459 577 512 μόνον
619 476 699 503 τους
740 458 955 502 Σικελιώτας
985 460 1126 497 ἐλευθε-

95 526 226 599 ρῶσαι,
263 523 353 562 ἀλλὰ
394 521 452 560 καὶ
492 520 746 568 τὴνἙλλάδα
782 519 987 572 σύμπασαν.
1022 519 1127 563 Εἰκὸς

94 576 154 621 ουν
173 581 285 635 ταύτῃ
315 584 359 634 τῇ
385 580 524 634 ἱστορία
546 578 817 632 ἐντετυχηκέναι
848 579 908 618 τὸν
935 578 1125 633 Πίνδαρον.

94 641 318 692 Legendum
342 641 442 678 soret
463 638 633 693 Ἔφορον,
650 640 717 678 sed
734 639 840 677 nefas
857 647 915 677 est
933 639 1127 690 corrigere

95 699 197 739 hunc
217 699 440 738 Scholiastae
458 707 670 749 stuporem.

148 758 204 796 cf.
229 757 343 796 Diod.
358 761 416 796 XI
427 787 439 807 ,
453 771 502 795 20
518 770 598 808 seq.
619 809 642 846 2

147 864 275 903 Schol.
301 863 410 902 Pind.
434 810 630 911 Isthm.lI¹(,
645 837 715 900 53:
731 862 794 902 Ἔν
808 861 1029 917 πολυφθόρῳ,
1046 864 1126 902 Σα-

92 922 211 974 λαμὶς,
230 919 313 965 Διὸς
327 921 477 975 ὅμὸρῳ]
495 920 735 959 ὓπαινίττεται
754 919 818 968 τὴν
837 920 917 975 περὶ
934 923 1127 973 Σαλαμῖνα

92 981 294 1034 ναυμαχίαν
314 983 384 1020 τῶν
404 980 602 1029 Ἑλλήνων,
632 975 673 1027 ἧς
695 979 820 1019 ἔλαὸον
840 980 884 1018 τὰ
907 982 1066 1035 ἀριστεῖα
1094 984 1126 1020 οἱ

94 1041 300 1092 Αἰγινῆται·
333 1039 426 1079 καθά
460 1055 565 1093 φησιν
597 1038 784 1094 Ἡρόδοτός
814 1055 852 1078 τε
875 1039 935 1078 καὶ
959 1038 1124 1094 Ἔφορος.

93 1100 279 1138 Herodot.
303 1102 409 1147 VIII,
434 1100 497 1149 93.
524 1099 581 1137 Cf.
606 1099 768 1137 Diodor.
783 1102 862 1147 XI,
891 1100 955 1148 80,
970 1113 1008 1151 p.
1025 1105 1125 1147 4173

93 1158 234 1197 Strabo
270 1161 387 1207 VIII,
423 1172 461 1209 p.
498 1159 594 1207 603,
622 1161 672 1207 B;
709 1159 902 1199 Plutarch.
939 1159 1124 1198 Themist.

94 1230 178 1268 cap.
203 1219 325 1256 XVII.

146 1323 339 1361 Plutarch.
363 1325 422 1360 De
446 1269 760 1374 Hermilgiuign.
786 1336 868 1374 cap.
897 1325 959 1370 36,
976 1338 1014 1375 p.
1034 1325 1125 1375 869,

95 1385 127 1420 Α
149 1397 158 1420 :
191 1382 384 1420 Malitiose
409 1394 522 1432 agere
546 1381 809 1431 Herodotum,
836 1396 956 1433 quum
982 1384 1127 1422 Naxios

92 1441 262 1492 primum
287 1454 309 1479 a
331 1440 588 1479 Barbarorum
608 1449 717 1493 parte
734 1442 883 1480 stetisse
906 1442 1007 1481 dicat
1023 1458 1031 1481 :
1045 1443 1125 1482 Ἀν-

91 1505 298 1554 τιμαρτυρεῖ
339 1498 375 1538 δὲ
409 1502 505 1553 αὐτῷ
538 1502 608 1538 τῶν
652 1500 715 1551 μὲν
755 1500 1003 1555 πρεσὸυτέρων
1036 1502 1126 1541 Ἕλ-

91 1558 248 1606 λάνικος,
282 1559 352 1596 τῶν
391 1556 430 1596 δὲ
455 1558 634 1614 νεωτέρων
673 1557 848 1613 Ἔφορος,
874 1562 892 1598 ὁ
931 1559 994 1611 μὲν
1024 1559 1081 1609 ἓξ,
1109 1564 1128 1600 ὁ

92 1615 129 1655 δὲ
147 1615 252 1655 πέντε
286 1616 408 1656 ναυσὶν
444 1617 568 1661 αὐτοὺς
595 1617 744 1662 Ναξίους
774 1619 884 1657 ἐλθεῖν
920 1624 992 1662 τοῖς
1030 1618 1127 1658 ‘'ER-

91 1675 175 1723 λησι
207 1677 438 1726 βοηθοῦντας,
468 1675 666 1730 ἱστορήσας.
705 1677 763 1715 Cf.
804 1677 1126 1728 Herod0t‚VIII‚

93 1735 154 1780 46.
180 1735 342 1773 Diodor.
368 1738 446 1784 xl,
475 1737 538 1784 30,
560 1737 600 1774 in
625 1736 761 1787 proelio
791 1735 839 1774 ad
862 1737 1020 1774 Plataeas
1052 1751 1124 1789 pu—

40 1788 50 1791 „
92 1805 226 1845 gnasse
261 1793 355 1831 dicit
392 1794 494 1832 circa
535 1803 690 1833 centum
733 1796 870 1842 millia3
906 1796 1127 1835 Herodotus

57 1875 60 1879 -
92 1852 370 1904 quinquaginta
407 1853 527 1891 millia
562 1854 707 1905 posuit.
748 1883 797 1889 —
828 1854 935 1892 Idem
963 1855 1126 1897 Diodor

91 1923 124 1948 c.
152 1912 198 1948 33
226 1911 407 1950 cecidisse
430 1913 484 1950 ait
509 1926 627 1964 supra
651 1912 785 1951 decem
808 1913 952 1962 millia,
969 1915 1128 1965 quinu—

92 1982 218 2007 merus
249 1971 363 2021 longe
383 1971 534 2009 excedit
553 1972 916 2010 illumaPlutarcho
941 1973 982 2010 in
1007 1974 1125 2012 Arist.

91 2042 124 2067 c.
147 2043 193 2080 ¹9
211 2030 422 2081 proditum.
447 2030 562 2069 Vides
574 2039 702 2069 autem
713 2031 792 2069 haec
816 2033 946 2070 omnia
973 2032 1128 2071 fluxisse

94 2101 141 2126 ex
164 2089 335 2140 Ephoro.

567 2143 580 2180 1
594 2143 652 2184 14.

145 2194 337 2232 Plutarch.
361 2194 455 2233 ibid.
484 2209 568 2247 cap.
598 2196 639 2243 5,
669 2210 707 2247 p.
728 2197 817 2242 855,
844 2201 873 2236 F
899 2213 907 2236 :
930 2198 1128 2246 Quosdam

92 2252 298 2291 historicos
333 2253 527 2292 deteriora
562 2256 806 2306 potissimum
840 2258 1035 2295 memoriae
1055 2268 1130 2296 tra-

91 2311 203 2359 dere,
232 2311 355 2350 πολλοὶ
377 2311 413 2350 δὲ
450 2311 540 2356 ὅλως
573 2313 867 2367 παραλείπουσιν·
888 2314 1008 2369 ὥσπερ
1037 2315 1126 2367 ἀμέ-

91 2422 276 2454 societatem
306 2431 488 2464 propenso,
504 2424 828 2465 Carthaginiensibus
854 2435 932 2458 vero
956 2427 998 2459 ad
1029 2436 1124 2468 opem

91 2469 189 2501 Xerxi
230 2469 395 2501 serendam
422 2470 543 2511 paratis
557 2495 567 2510 ,
596 2474 782 2505 nuntiatum
803 2482 876 2505 esse
907 2473 1041 2513 Geloni,
1069 2474 1126 2515 qui

91 2516 245 2548 ducentas
260 2525 360 2549 naves
370 2541 380 2558 ,
394 2520 491 2559 atque
509 2517 575 2550 duo
591 2519 692 2551 millia
705 2521 869 2561 equitum,
884 2521 1032 2562 peditum
1047 2530 1126 2554 vero

91 2564 200 2597 decem
220 2565 446 2604 instruxisset,
463 2566 779 2607 carthaginiensium
812 2567 948 2601 classem
975 2569 1126 2610 navigare

93 2611 123 2644 in
140 2612 279 2645 Siciliam
296 2622 304 2644 :
322 2613 532 2645 commissam
547 2622 618 2646 esse
634 2623 776 2655 pugnam
793 2615 952 2655 navalem,
970 2625 1036 2657 qua
1060 2625 1125 2648 non

92 2660 188 2692 modo
216 2659 356 2705 Siciliam
386 2660 569 2700 liberasset,
597 2662 654 2693 sed
682 2662 781 2694 etiam
809 2663 968 2695 Graeviam
998 2664 1125 2696 univer-

92 2715 171 2738 sam.
198 2705 366 2744 Probabile
385 2710 436 2740 est
452 2708 550 2749 igitur
573 2709 605 2740 iu
631 2709 752 2742 hancce
771 2711 991 2744 narrationem
1012 2711 1127 2744 Pinda-

93 2762 164 2786 rum
180 2754 387 2795 (Ephorum)
420 2755 585 2788 incidisse.

134 2848 338 2881 subobscure
347 2849 506 2889 significat
517 2851 707 2882 Graecorum
718 2851 759 2884 ad
769 2851 965 2885 Salaminem
980 2861 1122 2894 pugnam

93 2895 249 2935 navalem,
264 2895 318 2927 ubi
333 2896 488 2936 AEginelae
508 2896 707 2929 fortitudinis
725 2900 896 2939 praemium
911 2900 1126 2938 abstulerunt,

94 2941 179 2974 sicut
194 2942 376 2974 Herodotus
391 2942 474 2975 dicit
489 2946 522 2975 et
536 2944 698 2984 Ephorus.

133 3035 366 3068 Testimonium
381 3040 492 3069 contra
504 3038 707 3071 Herodotum
720 3039 761 3072 de
775 3041 1009 3074 vetustioribus
1027 3043 1126 3075 Hella-

93 3082 207 3121 nicus,
222 3083 262 3115 de
286 3085 517 3117 recentioribus
529 3086 697 3127 Ephorus,
712 3087 791 3119 alter
804 3097 879 3128 sex,
890 3089 969 3121 alter
983 3091 1128 3131 quinque

93 3129 251 3162 navibus
242 3139 330 3172 ipsos
344 3132 464 3164 Naxios
479 3133 602 3165 auxilio
616 3134 745 3167 venisse
759 3136 882 3168 Graecis
895 3137 1084 3169 scribentes.

561 3188 574 3219 1
589 3188 648 3220 14.

136 3229 177 3260 Et
187 3234 264 3260 sunt
271 3229 326 3270 qui
339 3231 472 3263 omnino
483 3234 733 3272 praetermittant
744 3235 910 3268 deteriora.
914 3237 1013 3269 Verbi
1026 3237 1128 3277 gratia

95 3275 136 3307 de
150 3275 366 3309 Themistocle
380 3279 529 3332 Ephorus
545 3281 678 3321 scnibit,
696 3290 772 3314 eum
791 3285 961 3316 Pausaniae
977 3284 1128 3324 proditio-

97 3329 190 3360 nem,
204 3325 237 3354 et
247 3332 321 3363 quae
337 3333 413 3355 cnm
437 3325 529 3366 regiis
549 3327 688 3360 ducibus
704 3331 879 3367 tractaret,
902 3331 1039 3371 legisse,
1062 3340 1126 3361 non

95 3345 202 3401 tameii
221 3378 353 3410 passum
370 3371 431 3403 sibi
446 3373 507 3405 hoc
523 3375 719 3415 persuaderi,
739 3386 843 3418 neque
858 3378 1027 3409 admisisse
1040 3379 1122 3408 Pau-

1151 3323 1159 3410 l

2141 147 2217 181 265

1186 226 1240 262 λει
1257 225 1337 278 περὶ
1356 223 1638 276 Θεμιστοκλέους
1665 223 1815 279 Ἔφορος
1842 223 1906 276 μὲν
1935 224 2043 264 εἰπὼν
2073 227 2127 266 ὅτι
2154 228 2218 274 τὴν

1188 283 1392 322 Παυσανίου
1431 283 1620 353 πρρδοσίαν
1662 284 1796 350 ἀνέγνω
1811 315 1822 336 ,
1863 284 1923 322 καὶ
1971 283 2014 322 τὰ
2054 289 2220 378 Sauco-

1188 351 1276 386 μενα
1313 335 1399 389 πρὸς
1441 336 1519 381 τους
1561 336 1731 389 βασιλέως
1773 337 2000 392 στρατηγούς·
2045 340 2066 376 ἀ
2158 356 2221 380 ουκ

1187 394 1353 445 ἐπείσθη,
1379 396 1499 448 φησὶν,
1535 396 1612 435 οὐδὲ
1639 395 1872 450 προσεδέξατο
1903 397 2129 450 κοινουμένου
2161 399 2220 438 καὶ

1186 457 1475 507 παρακαλοῦντος
1507 457 1610 496 αὐτὸν
1651 457 1710 496 ἐπι
1741 456 1805 502 τὰς
1840 457 1984 503 ἐλπίδας
2002 474 2010 483 ·
2042 460 2213 499 Θουκυδί-

1187 513 1249 560 δης
1277 512 1314 551 δὲ
1340 514 1399 552 καὶ
1427 514 1466 553 τὸ
1487 515 1653 569 παράπαν
1670 515 1728 555 τὸν
1758 515 1860 568 λόγον
1885 521 2006 556 τοῦτον
2038 520 2086 563 ὡς
2116 534 2222 558 κατε-

1186 570 1330 623 γνωκὼς
1349 576 1519 626 παρῆκεν.
1546 575 1691 613 Eadem
1715 585 1872 614 narrant
1891 577 2054 616 Diodor.
2068 581 2141 627 XI,
2158 581 2219 624 54.

1187 631 1240 670 Cf.
1267 632 1462 670 Plutarch.
1492 634 1570 671 Vit.
1596 635 1842 673 Themistocl.
1869 650 1900 674 c.
1923 637 1987 684 23,
2002 644 2040 674 et
2060 638 2219 676 Aristid.

1186 689 1338 728 Defens.
1356 693 1407 727 IV
1422 691 1593 729 virorum
1605 722 1616 743 ,
1632 701 1659 731 t.
1673 697 1732 739 ΙΙ,
1745 707 1782 745 p.
1800 695 1890 742 243,
1911 694 2040 744 Jebb.,
2053 709 2220 746 quorum

1186 756 1349 799 uterque
1389 749 1590 800 Ephorum
1638 760 1726 789 ante
1769 754 1903 791 oculos
1931 753 2110 793 habuisse
2161 756 2223 794 vi-

1187 807 1311 846 detur.

1666 876 1677 912 l
1695 877 1751 914 15.

1239 932 1431 970 Plutarch.
1457 933 1532 971 vit.
1558 933 1829 973 Themistoclis
1854 950 1938 988 cap.
1961 950 2024 985 27,
2050 951 2088 989 p.
2120 938 2192 975 125
2213 953 2221 975 ι

1186 991 1405 1038 Θουκυδίδης
1419 990 1483 1042 μὲν
1503 993 1565 1030 καὶ
1586 992 1715 1046 Χάρων
1738 996 1756 1031 ὁ
1775 994 2017 1048 Λαμψακηνὸς
2045 998 2224 1049 ἱστοροῦσι

1188 1049 1388 1097 τεθνηκότος
1421 1049 1554 1105 Ξέρξου
1580 1052 1666 1106 πρὸς
1687 1052 1746 1091 τὸν
1773 1053 1845 1091 υἱὸν
1876 1055 1981 1092 αὐτοῦ
2023 1058 2074 1109 τῷ
2105 1058 2223 1108 Θεμι-

1187 1110 1326 1147 στοκλεῖ
1350 1109 1511 1161 γενέσθαι
1533 1109 1597 1158 τὴν
1621 1111 1791 1157 ἔντευξιν·
1821 1111 1975 1166 Ἔφορος
1994 1113 2030 1152 δὲ
2049 1114 2111 1153 καὶ
2135 1115 2220 1154 Δεί-

1186 1183 1254 1206 νων
1281 1168 1341 1207 καὶ
1368 1168 1587 1223 Κλείταρχος
1620 1170 1680 1209 καὶ
1712 1170 1963 1224 Ἡρακλείδης,
1984 1171 2035 1211 ἔτι
2063 1173 2092 1211 δ’
2125 1173 2224 1213 ἄλλοι

1185 1227 1363 1278 πλείονες,
1382 1229 1469 1283 πρὸς
1486 1230 1590 1270 αὐτὸν
1609 1231 1795 1285 ἀφικέσθαι
1813 1232 1872 1271 τὸν
1890 1231 2039 1287 Ξέρξην.
2054 1235 2108 1273 Cf.
2124 1236 2223 1274 Dio-

1186 1287 1270 1326 dor.
1291 1292 1363 1337 IX,
1385 1290 1447 1327 56.

1668 1356 1682 1392 l
1696 1357 1754 1394 16.

1240 1418 1431 1457 Plutarch.
1468 1420 1546 1458 Vit.
1585 1421 1736 1459 Cimon.
1776 1435 1860 1473 cap.
1903 1436 1971 1470 12,
2000 1436 2038 1474 p.
2066 1424 2157 1472 486,
2196 1427 2224 1462 Β

1187 1490 1257 1527 sq.,
1285 1477 1332 1514 de
1369 1491 1499 1529 pugna
1523 1479 1571 1516 ad
1596 1480 1949 1530 Eurymedontem:
1976 1480 2129 1536 Ἔφορος
2162 1482 2224 1534 μὲν

1187 1539 1246 1573 οὖν
1277 1535 1502 1590 Τιθραυστην
1531 1537 1618 1591 φησὶ
1650 1539 1720 1576 τῶν
1756 1540 1946 1591 βασιλικῶν
1982 1542 2068 1578 νεῶν
2105 1540 2225 1595 ἄρχειν

1187 1595 1247 1632 καὶ
1277 1600 1339 1633 τοῦ
1367 1599 1471 1641 πεζοῦ
1507 1597 1753 1650 Φερενδάτην·
1778 1597 2018 1647 Καλλισθένης
2044 1598 2080 1638 δὲ
2109 1600 2225 1654 Ἀριο-

1188 1653 1324 1705 μάνδην
1341 1654 1398 1693 τὸν
1419 1655 1600 1709 Ιωὸρύου,
1618 1655 1832 1710 κυριώτατον
1853 1656 1936 1695 ὄντα
1954 1660 2015 1705 τῆς
2035 1657 2226 1709 δυνάμεως,

1187 1712 1284 1766 παρὰ
1315 1713 1374 1752 τὸν
1412 1713 1663 1768 Εὐρυμέδοντα
1701 1721 1777 1759 ταῖς
1810 1716 1912 1755 ναυσὶ
1934 1723 2143 1770 παρορμεῖν·

1187 1772 1480 1827 προσφερομένων
1500 1773 1537 1812 δὲ
1557 1790 1628 1812 των
1650 1773 1853 1824 Ἀθηναίων,
1875 1774 2197 1826 ἀντεξέπλευσαν,ι
2179 1793 2225 1822 ως

1187 1833 1319 1884 ἱστορεῖ
1336 1830 1770 1883 Φανόδημος,ἑξακοσίαις
1790 1833 1929 1872 ναυσίν·
1947 1836 1993 1877 ὥς
2007 1831 2064 1872 δ”
2070 1835 2097 1873 Γ
2082 1849 2225 1889 φορο

1188 1888 1408 1936 πεντήκοντα
1426 1890 1485 1929 καὶ
1505 1891 1731 1944 τριακοσίαις.

1242 1949 1444 2000 Ephorum
1478 1959 1645 1988 sectatur
1668 1950 1866 1990 Diodorus
1889 1954 1968 2000 XI,
1994 1953 2056 1989 60.

1243 2082 1435 2121 Plutarch.
1474 2082 1611 2121 Pericl.
1652 2095 1736 2133 cap.
1771 2095 1819 2130 27
1849 2097 1857 2119 :
1889 2080 2043 2134 Ἔφορος
2081 2082 2118 2120 δὲ
2164 2083 2224 2121 καὶ

1190 2146 1366 2192 μηχαναῖς
1389 2141 1444 2192 (in
1469 2141 1572 2179 Sami
1598 2140 1813 2193 obsidione)
1843 2140 2045 2194 χρήσασθαι
2064 2141 2122 2180 τὸν
2147 2143 2224 2181 Πε-

1191 2198 1312 2252 ρικλέα
1343 2198 1471 2252 (φησὶ),
1507 2198 1571 2247 τὴν
1599 2198 1791 2247 καινότητα
1822 2199 2068 2252 θαυμάσαντα,
2103 2199 2223 2254 Ἀρτέ-

1190 2273 1303 2309 μωνος
1321 2262 1382 2296 τοῦ
1403 2261 1602 2310 μηχανικοῦ
1625 2257 1815 2312 παρόντος,
1841 2257 1878 2296 ὃν
1910 2258 2026 2311 χωλὸν
2052 2258 2136 2297 ὄντα
2164 2259 2223 2297 καὶ

1191 2316 1318 2371 φορείῳ
1339 2316 1424 2370 πρὸς
1442 2317 1487 2355 τὰ
1501 2317 1752 2369 κατεπείγοντα
1770 2319 1839 2356 τῶν
1860 2317 1970 2372 ἔργων
1987 2318 2222 2372 προσκομιζό-

1184 2428 1322 2469 saniam,
1337 2438 1356 2461 a
1373 2438 1440 2470 quo
1461 2429 1500 2461 ad
1519 2429 1588 2471 spei
1604 2429 1792 2462 societatem
1806 2429 1996 2462 vocabatur.
2012 2429 2219 2470 Thucydides

1185 2475 1230 2516 id,
1247 2477 1284 2509 ut
1294 2476 1390 2517 plane
1403 2476 1594 2509 damnatum
1607 2477 1692 2518 falsi,
1710 2477 1830 2510 omisit.

1225 2593 1270 2622 Ac
1279 2590 1484 2631 Thucydides
1496 2591 1529 2623 et
1543 2590 1671 2622 Charon
1685 2592 1935 2631 Lampsacenus,
1944 2591 2048 2621 Xerxe
2064 2588 2219 2622 defuncto

1183 2637 1326 2679 produnt
1353 2638 1387 2670 in
1415 2646 1598 2670 sermonem
1622 2638 1750 2681 venisse
1773 2636 2022 2669 Themistoclem
2049 2644 2124 2667 cum
2152 2636 2218 2669 filio

1183 2685 1270 2726 ejus:
1282 2686 1432 2726 Ephorus
1445 2694 1534 2724 vero,
1550 2685 1667 2723 Dinon,
1685 2685 1877 2723 Clitarchus,
1891 2683 2086 2722 Heraclides,
2100 2683 2219 2725 aliique

1183 2734 1378 2775 complures,
1395 2734 1502 2775 ipsum
1517 2732 1709 2765 convenisse
1725 2734 1875 2764 xerxem.

1226 2841 1326 2871 Porro
1345 2839 1498 2880 Ephorus
1513 2838 1645 2879 quidem
1662 2837 1867 2869 Tithrausten
1887 2835 1982 2867 classi
2006 2835 2101 2876 regiae
2117 2835 2216 2869 tradit

1184 2887 1371 2929 praefuisse,
1388 2885 1595 2919 terrestribus
1613 2885 1716 2926 copiis
1736 2883 1956 2916 Pherendaten
1975 2892 1982 2914 :
1998 2883 2215 2916 Callisthenes

1186 2944 1280 2973 vero,
1296 2934 1514 2966 Ariomanden
1533 2933 1674 2973 Gobryae
1684 2932 1785 2963 lilium
1806 2940 1935 2962 summo
1947 2939 2022 2962 cum
2034 2930 2171 2972 imperio
2184 2933 2219 2963 in

1186 2983 1330 3014 exercitu
1354 2982 1471 3020 1‘uisse;
1489 2981 1575 3012 hunc
1591 2980 1727 3011 classem
1749 2979 1790 3010 ad
1813 2978 2090 3019 Eurymedontem
2103 2978 2136 3010 in
2153 2981 2217 3012 sta-

1185 3030 1273 3062 tione
1302 3030 1464 3061 habuisse.
1545 3030 1698 3059 Ceterum
1728 3026 1784 3058 ubi
1822 3027 2013 3067 ingruerunt
2047 3027 2219 3060 Athenien-

1185 3086 1248 3115 ses,
1264 3077 1426 3109 sexcentis
1439 3074 1587 3112 navibus,
1605 3076 1643 3105 ut
1663 3073 1776 3106 scribit
1795 3073 2035 3114 Phanodemus,
2054 3075 2090 3106 ut
2106 3075 2208 3116 Epho-

1185 3132 1253 3162 rus,
1272 3123 1423 3155 trecentis
1435 3121 1668 3162 quinquaginta
1681 3120 1710 3152 ei
1725 3122 1947 3152 occurrerunt.

1226 3234 1325 3266 Addit.
1343 3233 1493 3273 Ephorus
1516 3234 1549 3264 et
1574 3231 1734 3264 machinis
1760 3241 1859 3264 usum
1898 3232 2058 3265 Peniclem
2073 3257 2082 3272 ,
2114 3241 2216 3273 quum

1184 3284 1297 3322 captus
1321 3282 1405 3311 esset
1429 3288 1523 3311 novae
1546 3279 1591 3311 rei
1606 3279 1842 3320 admiratione,
1867 3282 1901 3311 et
1931 3279 2084 3311 habuisse
2106 3288 2217 3312 secum

1185 3331 1358 3360 Artemona
1372 3326 1595 3358 mechanicum
1612 3337 1620 3357 ;
1634 3334 1751 3367 quem,
1774 3326 1863 3367 quod
1880 3326 2016 3358 claudus
2030 3329 2132 3365 esset,
2157 3329 2189 3358 et
2206 3350 2215 3365 ‚

1184 3375 1356 3415 siquando
1370 3375 1546 3407 necessitas
1564 3383 1637 3407 eum
1656 3377 1786 3407 vocaret
1804 3374 1846 3406 ad
1859 3383 1968 3416 opera,
1986 3374 2098 3406 lectica
2113 3374 2218 3406 deser-
