2320 3684
618 137 950 179 APOLLODORI
978 138 1334 180 BIBLIOTHECAE
1362 140 1396 191 Ι,
1427 148 1462 181 7ὅ

2070 148 2140 182 111

24 230 219 286 βασιλεύων
251 231 319 269 τῶν
351 228 431 283 περὶ
450 227 514 275 Τὴν
535 226 651 269 Φθίαν
670 224 802 274 τόπων,
825 229 934 276 γαμεῖ
954 223 1048 278 Πύῤ-
1111 246 1149 270 ea
1161 237 1243 278 loca,
1260 247 1336 280 quae
1349 239 1434 271 circa
1446 239 1599 272 Phthiam
1612 239 1702 280 sunt,
1716 247 1853 273 uxorem
1869 238 1962 272 duxit
1975 239 2146 281 Pyrrham,

22 299 86 351 ραν
111 293 175 342 τὴν
198 292 426 346 Ἐπιμηθέως
445 290 505 331 καὶ
523 288 732 344 Πανδώρας,
745 288 787 336 ἣν
805 288 963 327 ἔπλασαν
984 288 1052 327 θεοὶ

22 359 170 414 πρώτην
190 364 351 412 γυναῖκα.
385 359 403 384 2
420 355 523 396 Ἐπεὶ
538 353 575 398 δὲ
589 353 757 408 ἀφανίσαι
786 351 873 397 Ζεὺς
901 352 943 392 τὸ
959 354 1054 406 χαλ-

21 428 105 464 κοῦν
122 424 219 477 γένος
234 423 418 472 ἠθέλησεν,
435 419 648 472 ὑποθεμένου
667 418 900 473 Προμηθέως,
918 421 1054 460 Δευκα·

20 488 106 528 λίων
126 487 381 540 τεκτηνάμενος
399 485 577 540 λάρνακα,
600 483 660 523 καὶ
678 482 724 524 τὰ
745 482 926 532 ἐπιτήδεια
955 483 1054 523 ἐνθέ-

23 568 136 604 μενος,
151 554 199 597 εἷς
207 550 338 598 ταύτην
351 548 440 601 μετὰ
451 548 596 602 Πύῤῥας
608 546 742 595 εἷσέὸη.
760 548 776 574 ³
796 546 885 592 Ζεὺς
898 546 935 586 δὲ
944 546 1054 587 πολὺν

21 618 118 657 ὑετὸν
138 617 199 657 ἀπ’
216 618 363 670 οὐρανοῦ
378 614 474 667 χέας,
492 612 538 653 τὰ
555 614 705 652 πλεῖστα
728 611 819 667 μέρη
841 615 904 660 τῆς
924 611 1057 652 Ἑλλά-

22 685 79 729 δος
91 683 317 732 κατέκλυσεν,
330 680 423 721 ὥστε
440 682 674 735 διαφθαρῆναι
689 678 823 724 πάντας
839 677 1056 733 ἀνθρώπους,

22 748 150 801 ὀλίγων
160 748 281 803 χωρὶς,
295 746 329 786 οἳ
345 746 535 801 συνέφυγον
553 746 600 789 εἷς
617 744 663 783 τὰ
682 744 832 792 πλησίον
849 743 967 798 ὑψηλὰ
979 743 1056 798 ὅρη.

21 814 39 841 ⁴
59 812 152 854 Τότε
169 814 207 852 δὲ
225 812 286 852 καὶ
304 811 350 852 τὰ
370 810 463 851 κατὰ
487 809 692 851 Θεσσαλίαν
708 809 773 864 ὅρη
789 809 923 860 διέστη,
934 809 994 848 καὶ
1013 808 1058 848 τὰ

21 878 120 922 ἐκτὸς
148 877 291 930 Ἰσθμοῦ
319 876 379 916 καὶ
404 874 678 923 Πελοποννήσου
715 873 891 929 συνεχύθη
927 874 1057 915 πάντα.

22 945 40 972 ⁵
58 942 261 984 Δευκαλίων
279 942 329 991 δὲ,
347 944 382 981 ἐν
395 944 439 995 τῇ
450 941 600 996 λάρνακι
616 940 674 979 διὰ
683 943 746 988 τῆς
762 941 942 989 θαλάσσης
959 939 1060 995 φερό-

23 1024 126 1061 μενος
155 1008 209 1062 ἐφ’
238 1005 375 1060 ἡμέρας
396 1004 494 1045 ἐννέα
525 1005 586 1044 καὶι
605 1004 732 1051 νύκτας
752 1004 844 1055 ἴσας,
870 1008 921 1060 τῷ
951 1008 1060 1060 Παρ-

22 1075 142 1127 νασσῷ
158 1071 362 1127 προσίσχει,
387 1073 487 1110 κάκεῖ
505 1073 574 1109 τῶν
595 1070 737 1125 ὅμὸρων
763 1073 903 1111 παῦλαν
929 1070 1059 1110 λαὸόν-

23 1151 106 1185 των,
130 1135 236 1180 ἓκὸὰς
254 1134 326 1174 θύει
344 1134 402 1174 Διὶ
422 1133 558 1187 Φυξίῳ.
575 1135 592 1160 ⁶
613 1132 699 1178 Ζεὺς
708 1133 897 1188 δὲπέμψας
916 1134 1058 1189 Ἑρμῆν

23 1201 109 1256 πρὸς
133 1200 250 1248 αὐτὸν,
282 1198 469 1254 ἐπέτρεψεν
495 1201 666 1238 αἰτεῖσθαι
691 1198 713 1238 ὅ
729 1216 763 1239 τι
784 1198 964 1252 βούλεται·
985 1203 1004 1240 ὃ
1023 1197 1060 1239 δὲ

25 1266 173 1304 αἰτεῖται
201 1263 402 1318 ἀνθρώπους
422 1264 517 1318 αὐτῷ
535 1262 707 1315 γενέσθαι.
733 1263 817 1312 Καὶ,
838 1262 919 1308 Διὸς
939 1263 1059 1303 εἶπόν-

23 1346 94 1380 τος,
121 1330 208 1384 ὑπὲρ
240 1331 394 1384 κεφαλῆς
425 1329 534 1383 αἴρων
563 1328 691 1368 ἔὸαλλε
718 1328 799 1373 τοὺς
823 1329 956 1374 λίθους·
979 1330 1061 1380 καὶ,

25 1395 83 1441 οὒς
107 1395 170 1448 μὲν
198 1394 329 1435 ἔὸαλλε
347 1395 565 1444 Δευκαλίων,
595 1394 716 1451 ἄνδρες
739 1395 910 1448 ἐγένοντο,
937 1396 995 1443 οὒς
1025 1397 1061 1436 δὲ

26 1459 168 1514 Πύρῤα,
190 1465 361 1513 γυναῖκες.
384 1459 495 1499 ‘'Oet-:v
518 1459 578 1498 καὶ
598 1459 677 1499 λαοὶ
706 1463 949 1515 μεταφορικῶς
969 1463 1061 1501 ὠνο-

24 1523 211 1577 μάσθησαν
235 1522 306 1563 ἀπὸ
332 1527 394 1562 τοῦ
412 1524 513 1575 λᾶας,
533 1526 552 1562 ὁ
568 1523 674 1568 λίθος.

80 1589 98 1614 7
118 1585 280 1625 Γίνονται
289 1583 326 1623 δὲ
334 1586 373 1624 ἐκ
381 1583 524 1638 Πύῤῥας
541 1583 759 1624 Δευκαλίωνι
773 1586 895 1630 παῖδες
903 1602 910 1610 ·
919 1585 1058 1634 οΈλλην

27 1643 91 1697 μὲν
109 1646 260 1699 πρῶτος,
289 1643 326 1682 ὃν
355 1644 395 1682 ἐκ
421 1642 502 1687 Διὸς
527 1642 642 1695 [ἔνιοι]
666 1647 875 1696 γεγενῆσθαι
907 1645 1060 1698 λέγουσι.

28 1703 199 1758 [δεύτερος
218 1700 514 1756 δὲ]Ἀμφικτύων,
529 1705 547 1741 ὁ
565 1702 655 1754 μετὰ
666 1703 831 1757 Κραναὸν
850 1702 1062 1756 βασιλεύσας

26 1765 88 1810 τῆς
106 1763 279 1810 Ἀττικῆς.
312 1761 484 1816 Θυγάτηρ
513 1759 550 1799 δὲ
579 1761 846 1815 Πρωτογένεια,
870 1762 905 1808 ἐξ
935 1757 978 1811 ῆς
1002 1763 1061 1803 καὶ

27 1819 121 1870 Διὸς,
137 1820 296 1865 Ἀέθλιος.
306 1819 547 1874 (3)“Ἐλληνος
563 1819 600 1859 δὲ
617 1820 677 1859 καὶ
693 1820 844 1875 Νύμφης
857 1820 1056 1876 Ὀρσηΐδος,

27 1882 157 1936 Δῶρος,
174 1880 320 1928 Ξοῦθος,
337 1879 473 1924 Αἴολος.
489 1879 602 1925 Αὐτὸς
619 1883 683 1932 μὲν
703 1875 763 1920 οῧν
784 1881 844 1935 ἀφ’
863 1884 970 1921 αὑτοῦ
982 1881 1062 1926 τοὺς

28 1941 261 1994 καλουμένους
277 1940 449 1995 Γραικοὺς
469 1941 750 1996 προσηγόρευσεν
771 1941 971 1990 Ἕλληνας·
989 1949 1062 1988 τοῖς

28 2000 192 2040 δὲπαισὶν
207 1999 347 2055 ἐμέρισε
365 1999 429 2048 τὴν
448 1998 568 2054 χώραν
579 2016 587 2024 ·
604 2001 622 2026 2
641 2001 700 2040 καὶ
719 2002 854 2045 Ξοῦθος
868 2001 932 2054 μὲν
940 2002 1060 2042 λαὸὼν

26 2059 90 2107 τὴν
128 2059 395 2107 Πελοπόννησον
409 2089 419 2106 ,
458 2062 498 2098 ἐκ
540 2059 722 2115 Κρεούσης
765 2063 826 2108 τῆς
863 2061 1063 2115 Ἐρεχθέως

28 2118 166 2173 Ἀχαιὸν
194 2119 359 2171 ἐγέννησε
398 2119 458 2158 καὶ
494 2118 621 2169 Ἴωνα,
655 2121 716 2173 ἀφ’
738 2114 786 2159 ὧν
833 2121 967 2174 Ἀχαιοὶ
1001 2122 1062 2160 καὶ

29 2176 146 2221 Ἴωνες
160 2179 358 2217 καλοῦνται.
379 2179 396 2204 ³
414 2180 534 2232 Δῶρος
553 2177 589 2217 δὲ
610 2177 674 2226 τὴν
685 2178 794 2233 πέραν
806 2178 926 2234 χώραν
948 2181 1063 2219 Πελο-

27 2236 200 2284 ποννήσου
218 2236 353 2283 λαὸὼν,
377 2235 455 2280 τοὺς
478 2237 662 2281 κατοίκους
682 2237 740 2290 ἀφ’
771 2240 896 2277 ἑαυτοῦ
916 2240 1062 2293 Δωριεῖς

27 2294 203 2334 ἐκάλεσεν.
224 2296 242 2321 4
259 2295 386 2340 Αἴολος
405 2294 442 2333 δὲ
461 2295 655 2348 βασιλεύων
663 2298 733 2335 τῶν
750 2296 831 2350 περὶ
841 2296 904 2344 τὴν
921 2299 1060 2337 Θεσσα-

28 2354 106 2393 λίαν
125 2354 257 2402 τόπων,
276 2356 355 2399 τοὺς
380 2357 598 2399 ἐνοικοῦντας
617 2357 754 2400 Αἰολεῖς
779 2355 1040 2411 προσηγόρευσε
1053 2373 1061 2382 ·

27 2413 89 2452 καὶ
122 2414 240 2465 γήμας
272 2414 466 2469 Ἐναρέτην
497 2413 560 2462 τὴν
591 2414 802 2468 Δηϊμάχου,
837 2416 967 2460 παῖδας
999 2416 1060 2468 μὲν

29 2471 210 2524 ἐγέννησεν
233 2472 336 2524 ἑπτὰ,
355 2473 512 2526 Κρηθέα,
535 2473 702 2528 Σίσυφον,
724 2474 940 2527 Ἀθάμαντα,
964 2477 1063 2515 Σαλ-

29 2530 160 2583 μωνέα,
186 2531 334 2582 Δηϊόνα,
359 2533 556 2585 Μάγνητα,
589 2533 789 2588 Περιήρην·
814 2533 1005 2589 θυγατέρας
1024 2535 1060 2575 δὲ

28 2589 142 2639 πέντε,
181 2591 364 2642 Κανάκην,
389 2592 591 2642 Ἀλκυόνην,
620 2593 842 2644 Πεισιδίκην,
877 2593 1060 2645 Καλύκην,

29 2650 248 2704 Περιμήδην.

80 2710 97 2735 ⁵
115 2710 322 2764 Περιμήδης
340 2709 403 2762 μὲν
419 2704 478 2749 οῧν
496 2711 555 2750 καὶ
569 2710 754 2764 Ἀχελώου,
762 2712 983 2765 Ἱπποδάμας
1000 2713 1058 2752 καὶ

31 2767 216 2823 Ὀρέστης·
243 2770 449 2818 Πεισιδίκης
481 2769 518 2809 δὲ
549 2770 609 2809 καὶ
638 2770 873 2826 Μυρμιδόνος,
899 2771 1060 2827 Ἄντιφος

29 2827 87 2866 καὶ
105 2826 254 2882 Ἄκτωρ.

83 2887 133 2939 (4)
151 2886 339 2936 Ἀλκυόνην
351 2887 388 2926 δὲ
403 2888 502 2935 Κῆϋξ
517 2888 647 2941 ἔγημεν
662 2889 869 2945 Ἑωσφόρου
884 2897 983 2936 παῖς·
996 2886 1058 2931 05-

29 2959 81 2984 τοι
105 2945 141 2984 δὲ
172 2947 216 2985 δι’
246 2948 503 3000 ὑπερηφάνειαν
531 2948 725 2988 ἀπώλοντο.
742 2949 789 2990 Ὁ
823 2949 886 3002 μὲν
903 2949 970 3004 γὰρ
992 2950 1056 2999 τὴν

28 3010 174 3054 γυναῖκα
200 3005 316 3057 ἔλεγεν
336 3005 467 3060 ϋΗραν,
488 3010 510 3055 ἡ
536 3007 573 3046 δὲ
597 3007 656 3047 τὸν
677 3008 786 3063 ἄνδρα
813 3009 894 3050 Δία.
919 3009 1004 3054 Ζεὺς
1022 3010 1058 3050 δὲ

29 3062 148 3107 αὐτοὺς
167 3064 391 3118 ἀπωρνέωσε,
409 3066 468 3105 καὶ
487 3066 551 3115 τὴν
572 3067 636 3119 μὲν
657 3068 811 3108 ἀλκυόνα
831 3069 987 3118 ἐποίησε,
998 3069 1056 3108 τὸν

28 3118 65 3159 δὲ
85 3121 210 3170 κήῦκα.

79 3180 96 3206 ²
117 3181 264 3230 Κανάκη
283 3182 319 3222 δὲ
338 3183 520 3236 ἐγέννησεν
541 3187 580 3224 ἐκ
600 3188 820 3232 Ποσειδῶνος
839 3186 977 3227 Ὁπλέα
997 3187 1056 3226 καὶ

28 3237 148 3291 Νηρέα
165 3270 175 3288 ,
212 3239 270 3278 καὶ
296 3241 468 3281 Ἐπωπέα
487 3274 497 3292 ,
531 3244 590 3282 καὶ
620 3244 752 3284 Ἀλωέα
770 3277 780 3295 ,
815 3246 874 3284 καὶ
901 3245 1053 3300 Τρίοπα.

27 3295 46 3322 ⁸
63 3294 211 3341 Ἀλωεὺς
230 3297 292 3349 μὲν
313 3294 372 3339 οῧν
402 3300 530 3353 ἔγημεν
552 3303 762 3357 Ἰφιμέδειαν
795 3304 859 3352 τὴν
888 3305 1053 3358 Τρίοπος,

28 3351 103 3401 ἥτις
122 3356 342 3402 Ποσειδῶνος
356 3359 494 3412 ἠράσθη
507 3391 517 3410 ,
546 3361 605 3400 καὶ
635 3365 790 3416 συνεχῶς
810 3366 966 3417 φοιτῶσα
995 3362 1052 3400 ἐπὶ

1114 297 1298 337 Epimethei
1313 300 1345 330 et
1358 298 1517 332 Pandorae
1528 298 1640 340 filiam,
1655 307 1754 341 quam
1771 298 1912 341 primam
1928 298 1973 332 dii
1985 298 2149 332 finxerunt

1113 354 1293 388 mulierem.
1312 358 1445 395 2Quum
1456 366 1535 391 vero
1549 356 1673 400 prolem
1689 366 1813 391 aeneam
1827 357 2004 391 tollendam
2020 357 2150 400 Jupiter

1116 415 1273 454 censeret,
1288 416 1474 448 Promethei
1490 416 1627 450 consilio
1638 416 1816 450 Deucalion
1831 425 1940 449 arcam
1951 415 2147 457 fabricavit,

1115 472 1149 504 in
1162 481 1301 515 eamque
1314 497 1324 513 ,
1340 474 1504 516 impositis
1521 475 1619 509 rebus
1641 476 1684 509 ad
1698 476 1800 509 vitam
1828 475 2020 509 necessariis
2034 499 2044 517 ,
2072 483 2149 508 cum

1113 532 1240 573 Pyrrha
1254 532 1418 574 ingressus
1432 537 1493 567 est.
1508 538 1523 558 ⁸
1536 537 1614 569 Mox
1630 536 1754 578 Jupiter
1774 536 1860 578 large
1874 535 1988 569 effusis
2008 534 2050 568 de
2068 535 2150 568 melo

1115 590 1275 624 imbribus
1282 592 1459 625 maximam
1470 594 1606 628 Graeciae
1616 597 1740 638 partem
1750 595 1926 637 cooperuit,
1933 595 1979 628 ita
1988 597 2024 628 ut
2036 602 2150 628 omnes

1116 651 1277 692 homines,
1290 652 1404 694 paucis
1411 654 1565 695 exceptis,
1576 655 1633 696 qui
1647 654 1683 688 in
1696 655 1874 689 altissimos
1888 655 2012 687 circum
2023 656 2151 687 montes

1117 711 1340 753 confugerant,
1355 712 1535 745 interirent.
1549 716 1564 736 ⁴
1573 715 1657 746 Tum
1672 715 1770 747 etiam
1781 715 1957 748 Thessaliae
1963 716 2090 747 montes
2105 714 2152 747 di-

1118 771 1230 812 remti,
1246 772 1279 804 et
1294 780 1370 812 quae
1385 772 1464 803 sunt
1474 774 1566 804 extra
1582 772 1744 805 Isthmum
1759 776 1791 806 et
1806 773 2066 815 Peloponnesum
2082 773 2154 806 loca

1118 830 1280 863 undarum
1294 830 1330 862 vi
1341 830 1452 863 omnia
1474 832 1624 864 contecta
1645 832 1787 865 ruerunt.
1810 836 1824 856 ⁸
1836 833 2012 867 Deucalion
2033 839 2154 866 novem

1119 889 1190 922 dies
1205 889 1409 931 totidemque
1436 892 1550 923 noctes
1567 899 1725 932 aquarum
1749 892 1855 926 eluvie
1881 893 1917 925 in
1938 893 2068 935 navigio
2093 901 2154 925 suo

1119 950 1330 983 circumlatus
1345 952 1543 984 Parnassum
1565 951 1700 984 demum
1717 952 1870 993 appellit,
1892 953 2004 994 ibique
2017 977 2026 993 ‚
2050 961 2154 994 quum

1120 1008 1241 1041 imbres
1255 1009 1439 1050 desiissent,
1456 1019 1606 1051 egressus
1622 1011 1699 1043 Jovi
1713 1011 1841 1052 Phyxio
1857 1011 1928 1053 (qui
1933 1012 2155 1054 sapientibus

1120 1077 1218 1110 opem
1225 1069 1329 1110 ferre
1345 1071 1541 1112 consuevit)
1559 1071 1659 1104 sacris
1672 1073 1834 1113 operatur.
1852 1074 1866 1093 ⁶
1882 1072 2008 1113 Jupiter
2034 1072 2156 1105 interea

1122 1133 1266 1166 demisso
1288 1132 1329 1165 ad
1344 1132 1577 1166 Deucalionem
1599 1133 1759 1166 Mercurio
1770 1157 1779 1173 ‚
1794 1133 1942 1175 permisit
1957 1134 1987 1166 ei
2004 1135 2042 1166 ut
2054 1134 2156 1175 quod-

1123 1201 1254 1234 cunque
1266 1192 1364 1225 vellet
1377 1194 1552 1234 expeteret.
1570 1192 1748 1225 Deucalion
1769 1192 1866 1233 igitur
1881 1191 2015 1224 humani
2030 1191 2157 1234 generis

1122 1251 1359 1293 reparationem
1382 1251 1541 1293 deposcit.
1574 1251 1698 1284 Deinde
1716 1251 1809 1285 Jovis
1834 1251 1959 1283 monitu
1975 1254 2100 1284 sumtos
2117 1251 2158 1284 de

1121 1313 1207 1345 terra
1221 1311 1345 1354 lapides
1363 1315 1452 1346 trans
1468 1313 1567 1355 caput
1582 1312 1738 1354 jactavit;
1755 1313 1853 1353 atque
1865 1312 1886 1344 ii
1903 1312 2054 1353 quidem,
2075 1320 2158 1353 quos

1123 1372 1212 1405 misit
1227 1372 1403 1405 Deucalion
1417 1396 1426 1413 ,
1455 1372 1602 1404 virorum
1622 1372 1738 1405 faciem
1768 1373 1956 1412 traxerunt;
1983 1380 2065 1413 quos
2081 1380 2159 1404 vero

1123 1429 1248 1471 Pyrrha
1260 1430 1349 1472 jecit,
1362 1430 1396 1462 in
1411 1430 1548 1463 feminas
1562 1430 1679 1463 abiere.
1697 1429 1781 1463 Hinc
1797 1429 1906 1471 itaque
1920 1430 1989 1462 λαοὶ
2005 1429 2040 1470 (i.
2059 1438 2086 1461 e.
2099 1437 2159 1470 po·

1120 1487 1216 1529 puli)
1234 1488 1445 1521 translatione
1460 1488 1600 1530 quadam
1616 1488 1695 1521 dicti
1711 1491 1799 1528 sunt,
1818 1487 1912 1530 quasi
1923 1487 2063 1529 lapidci3
2083 1488 2159 1523 λᾶας

1121 1547 1208 1580 enim
1225 1547 1364 1589 lapidem
1380 1547 1550 1589 significat.

1164 1611 1178 1630 ⁷
1191 1606 1349 1639 Filiorum
1363 1607 1419 1648 qui
1435 1615 1475 1639 ex
1493 1607 1618 1648 Pyrrha
1644 1606 1833 1640 Deucalioni
1860 1609 1947 1647 sunt,
1969 1607 2095 1649 primus
2109 1608 2160 1640 est

1123 1676 1247 1716 Hellen,
1262 1686 1361 1719 quem
1373 1686 1392 1710 a
1407 1679 1490 1711 Jove
1512 1680 1620 1711 ortum
1637 1687 1708 1711 esse
1732 1678 1881 1711 nonnulli
1906 1678 2058 1719 tradunt3
2079 1678 2160 1710 alter

1123 1747 1355 1789 Amphictyon,
1369 1747 1425 1789 qui
1444 1749 1519 1789 post
1541 1750 1705 1781 Cranaum
1720 1748 1837 1780 Atticae
1864 1747 2049 1789 imperavit.
2077 1747 2160 1781 Filia

1122 1827 1202 1851 vero
1229 1820 1424 1861 Protogenia
1437 1845 1447 1861 ,
1471 1820 1567 1862 quus
1593 1829 1632 1853 ex
1652 1822 1735 1852 Jove
1758 1819 1846 1852 filius
1872 1819 2032 1852 Aethlius.
2049 1818 2092 1860 (3)
2109 1821 2158 1851 Ex

1125 1887 1258 1921 Hellene
1271 1891 1380 1921 autem
1390 1890 1422 1921 et
1432 1888 1568 1921 Orseide
1577 1888 1723 1930 nympha
1738 1890 1858 1929 Dorus,
1873 1889 2017 1928 Xuthus,
2032 1888 2157 1921 AEolus.

1122 1959 1155 1990 Is
1178 1957 1309 1999 quidem
1322 1956 1378 1999 qui
1397 1959 1491 1990 antea
1509 1958 1615 1991 Graeci
1631 1958 1852 1998 vocabantur,
1867 1958 1908 1991 de
1929 1967 1963 1990 se
1978 1956 2161 1990 nominavit

1123 2027 1285 2069 Hellenes‚
1303 2030 1400 2070 atque
1415 2030 1534 2061 terram
1551 2028 1634 2061 inter
1652 2027 1736 2061 filios
1761 2028 1900 2070 partitus
1919 2030 1979 2060 est.
2003 2032 2017 2051 2
2029 2028 2159 2061 Xuthus

1123 2098 1259 2140 adeptus
1266 2098 1539 2140 Peloponnesum,
1548 2107 1588 2131 ex
1595 2100 1730 2139 Creusa,
1737 2099 1909 2132 Erechthei
1915 2098 1993 2139 filia,
2002 2098 2158 2131 Achaeum

1122 2170 1234 2210 genuit
1246 2171 1278 2202 et
1292 2171 1421 2210 Ionem,
1439 2178 1458 2202 a
1473 2169 1593 2212 quihus
1613 2169 1728 2203 Achivi
1748 2172 1781 2202 et
1799 2172 1895 2203 Iones
1917 2171 2157 2212 nuncupantur.

1125 2246 1139 2264 ³
1148 2243 1256 2273 Dorus
1269 2243 1389 2274 terram
1399 2242 1491 2274 extra
1502 2240 1762 2282 Peloponnesum
1775 2243 1903 2283 nactus,
1915 2242 2037 2275 incolas
2046 2250 2105 2274 suo
2119 2240 2159 2273 de

1123 2310 1257 2343 nomine
1265 2310 1440 2343 Dorienses
1450 2310 1634 2353 appellavit.
1644 2314 1658 2334 ⁴
1669 2310 1780 2343 AEolus
1790 2310 1967 2343 Thessaliae
1982 2310 2155 2351 imperans,

1123 2381 1252 2424 populis
1265 2381 1471 2415 AEolensibus
1486 2390 1606 2415 nomen
1632 2381 1808 2424 imposuit,
1831 2382 1863 2415 et
1878 2381 1978 2414 ducta
1992 2381 2131 2414 Euarete
2146 2404 2155 2420 ,

1124 2452 1292 2485 Deimachi
1307 2452 1384 2494 filia,
1403 2455 1526 2495 septem
1549 2461 1591 2486 ex
1607 2461 1645 2486 ea
1658 2452 1743 2485 filios
1758 2452 1951 2495 procreavit,
1968 2451 2155 2490 Cretheum,

1123 2527 1315 2570 Sisyphum,
1333 2527 1562 2560 Athamantem
1572 2551 1583 2568 ,
1600 2527 1808 2560 Salmoneum
1818 2550 1827 2566 ‚
1840 2526 2012 2565 Deionem,
2027 2526 2155 2565 Magne-

1121 2601 1201 2640 tem,
1215 2599 1383 2640 Perieren;
1402 2599 1486 2631 filias
1500 2607 1579 2631 vero
1595 2597 1758 2639 quinque,
1777 2599 1926 2630 Canacen
1936 2619 1946 2635 ,
1966 2595 2131 2636 Alcyonen
2143 2619 2153 2636 ‚

1121 2669 1295 2710 Pisidicen,
1314 2669 1467 2710 calycen,
1483 2667 1686 2701 Perimeden.

1161 2731 1211 2762 Ex
1231 2728 1399 2762 Perimede
1418 2730 1451 2760 et
1468 2727 1610 2760 Acheloo
1623 2727 1691 2758 nati
1707 2726 1784 2758 sunt
1797 2723 2017 2766 Hippodamas
2033 2725 2067 2756 et
2081 2725 2156 2756 Ore-

1119 2791 1185 2822 stes
1198 2800 1208 2830 ;
1229 2797 1270 2821 ex
1289 2787 1427 2821 Pisidice
1436 2788 1469 2820 et
1483 2786 1689 2828 Myrmidone
1703 2784 1864 2825 Antiphus
1880 2784 1913 2816 et
1926 2785 2034 2816 Actor.

1162 2899 1208 2941 (4)
1231 2898 1418 2939 Halcyonen
1450 2897 1553 2935 Ceyx,
1571 2892 1711 2925 Luciferi
1728 2891 1815 2923 filius
1828 2915 1838 2931 ,
1856 2891 1889 2923 in
1908 2891 2152 2924 matrimonium

1119 2959 1228 2992 duxit.
1247 2958 1288 2991 Hi
1302 2957 1344 2989 ob
1357 2955 1543 2997 superbiam
1554 2952 1729 2994 perierunt.
1745 2951 1803 2984 Ille
1815 2950 1900 2983 enim
1911 2951 2080 2993 conjugem
2097 2953 2152 2984 Ju-

1118 3025 1252 3056 nonem,
1269 3015 1340 3047 haec
1355 3022 1433 3045 vero
1448 3011 1556 3043 virum
1572 3017 1668 3041 suum
1684 3010 1798 3040 Jovem
1815 3008 1998 3050 appellavit.
2019 3011 2151 3042 Utrum-

1117 3085 1182 3119 que
1193 3075 1320 3116 Jupiter
1332 3073 1364 3104 in
1381 3079 1469 3109 aves,
1481 3069 1569 3101 illam
1583 3068 1618 3100 in
1636 3066 1837 3109 halcyonem,
1850 3067 1938 3100 hunc
1953 3068 1988 3100 in
2004 3077 2149 3111 mergum

1116 3134 1267 3168 mutavit.

1158 3200 1172 3218 2
1183 3196 1311 3226 Canace
1321 3192 1353 3222 et
1366 3189 1535 3228 Neptunus
1548 3188 1727 3227 genuerunt
1739 3185 1889 3227 Opleum,
1903 3187 2054 3227 Nereum,
2068 3189 2150 3229 Epo-

1115 3262 1225 3296 peum,
1240 3250 1387 3287 Aloeum,
1403 3246 1565 3286 Triopem.
1588 3244 1732 3277 *Aloeus
1745 3254 1882 3278 uxorem
1897 3246 1990 3279 duxit
2010 3247 2148 3289 Iphime-

1115 3314 1213 3350 diam,
1229 3309 1355 3350 Triopis
1367 3306 1479 3345 filiam,
1497 3313 1572 3346 quae
1583 3305 1725 3346 Neptuni
1740 3313 1849 3338 amore
1860 3309 1965 3349 capta,
1981 3306 2146 3340 continen-

1113 3375 1162 3405 ter
1177 3371 1217 3403 ad
1241 3378 1328 3402 mare
1349 3367 1496 3405 meabat,
1512 3366 1544 3397 et
1572 3363 1704 3397 haustos
1732 3364 1884 3399 manibus
1922 3367 2041 3401 fluctus
2071 3367 2146 3399 sinu
