2294 3704
836 129 1077 170 HECATAEI
1105 129 1437 170 FRAGMENTA.
2166 133 2191 167 3

561 226 610 264 32

132 297 185 334 St.
208 297 249 333 Β.
274 296 376 348 Δρῧς,
398 290 498 336 πόλις
514 288 670 344 Θρᾴκης·
695 288 773 327 Ἑκ.
798 288 884 341 Εὖρ.
913 284 1022 325 Ἔστι
1042 286 1104 325 καὶ

80 352 179 398 πόλις
197 355 266 392 τῶν
286 350 486 405 Οἰνώτρων.

133 485 188 522 st.
226 485 268 520 B.
301 477 537 532 Ἀρτεμίσιον,
570 475 670 520 πόλις
706 473 898 528 Οἰνώτρων
922 490 930 498 ·
965 475 1000 512 ἓν
1039 489 1106 525 με-

80 539 205 592 σογείῳ
216 554 225 563 ·
246 538 325 578 Ἑκ.
345 538 428 591 Εὗρ.
445 535 616 579 Φίλιστος
634 532 671 573 δὲ
685 533 900 588 Ἀρτεμίτιον
917 531 1028 580 αὐτὴν
1043 548 1108 572 κα-

80 600 156 648 λεῖ,
171 597 255 641 ἴσως
275 597 454 650 Δωρικῶς.
475 594 674 646 Oppidum
690 594 880 645 ignotum.

561 665 624 704 34.

134 735 186 771 St.
205 735 246 770 B.
264 730 415 785 Ἔριμον
426 761 436 780 ,
450 729 550 774 πόλις
564 728 754 783 Οἰνώτρων
770 730 804 768 ἐν
821 729 1006 784 μεσογείῳ.
1027 729 1108 769 Ἕκ.

83 792 170 845 Εὗρ.

562 849 626 889 35.

136 917 190 953 St.
210 917 252 952 Β.
276 911 396 960 Ἰξιάς,
419 911 520 956 πόλις
543 911 732 965 Οἰνώτρων
757 913 792 950 ἐν
820 910 1001 968 μεσογείᾳ.
1027 911 1110 951 Ἑκ.

85 971 241 1025 Εὐρώπῃ
258 988 266 997 ·
282 990 297 1006 «
309 972 344 1010 ἒν
363 972 399 1012 δὲ
415 970 520 1017 Ἰξιὰς
535 970 649 1020 πόλις,
666 970 702 1010 ἒν
718 971 754 1009 δὲ
773 970 946 1019 Μενεκίνη
964 970 1078 1015 πόλις.
1096 989 1111 1006 »

84 1035 138 1072 St.
158 1035 198 1070 Β.
221 1030 410 1080 Μενεκίνη,
429 1030 531 1076 πόλις
553 1029 744 1084 Οἰνώτρων
766 1032 800 1069 ἐν
829 1029 1009 1084 μεσογείᾳ·
1031 1029 1111 1069 Ἕκ.

87 1091 139 1130 Εὖ
165 1120 174 1129 .

144 1105 161 1144 ρ
569 1148 632 1187 36.

139 1211 196 1250 St.
218 1210 260 1247 B.
288 1207 479 1262 Κυτέριον,
508 1206 608 1252 πόλις
640 1206 830 1260 Οἰνώτρων
863 1208 898 1246 ἐν
934 1205 1113 1259 μεσογείᾳ.

86 1267 168 1306 Ἕκ.
196 1269 281 1321 Εὖρ.

571 1326 632 1364 37.

142 1389 195 1424 St.
214 1390 256 1424 Β.
276 1384 478 1431 Μαλάνιος,
496 1384 598 1428 πόλις
623 1384 810 1436 μεσογείας
834 1386 903 1423 τῶν
928 1382 1117 1438 Οἰνώτρων

88 1445 158 1482 τῶν
177 1443 246 1483 ὑπὸ
268 1444 462 1483 Ἑκαταίου
481 1445 766 1497 καταλεχθεισῶν
786 1445 820 1482 ἐν
847 1441 1018 1497 Εὐρώπῃ.

573 1516 634 1554 38.

144 1577 201 1614 St.
230 1578 272 1613 B.
294 1574 446 1623 Νίναια,
466 1572 567 1618 πόλις
583 1572 773 1628 Οἰνώτρων
799 1575 834 1611 ἐν
864 1575 907 1626 τῇ
932 1571 1118 1626 μεσογείᾳ·
1139 1596 1143 1600 ·

90 1635 171 1676 Ἕκ.
194 1636 282 1690 Εὐρ.

573 1693 635 1731 39.

145 1763 202 1799 St.
226 1762 267 1797 B.
289 1757 434 1807 Κόσσα,
457 1757 558 1803 πόλις
581 1756 771 1812 Οἰνώτρων
799 1758 835 1796 ἐν
855 1759 905 1812 τῷ
930 1759 1118 1813 μεσογείῳ·

91 1819 172 1859 Ἕκ.
197 1820 283 1872 Εὗρ.

572 1876 636 1915 40.

143 1947 204 1983 St.·
217 1948 260 1983 Β.
290 1946 509 1996 Λαμητῖνοι,
538 1942 639 1986 πόλις
664 1941 732 1981 ἀπὸ
760 1942 934 1995 Λαμήτου
958 1947 1121 1996 ποταμοῦ

91 2003 177 2058 πρὸς
195 2000 381 2057 Κρότωνα.
397 2003 477 2042 Ἕκ.
497 2002 654 2056 Εὐρώπῃ
667 2018 674 2026 ·
696 2019 711 2036 «
730 2002 800 2042 Ἐκ
813 2001 850 2041 δὲ
869 2002 1039 2055 Λάμητος
1058 2019 1123 2042 πο-

91 2066 207 2114 ταμοῦ
227 2064 439 2114 Λαμητῖνοι.
458 2080 473 2096 »

134 2235 218 2274 Drys
230 2256 240 2273 ‚
253 2232 333 2265 urbs
348 2231 494 2265 Thraciae
503 2255 512 2272 ,
528 2180 681 2264 Heiiiilst
695 2231 792 2264 etiam
804 2232 883 2265 urbs
896 2233 1123 2265 OEnotrorum.

577 2286 597 2319 3
605 2285 625 2318 3
631 2308 639 2316 .

136 2338 346 2371 Artemisium
357 2361 367 2377 ,
389 2337 468 2369 urbs
484 2339 699 2370 OEnotrorum
717 2338 751 2370 in
773 2338 1007 2371 mediterranea
1022 2341 1123 2380 parte.

93 2387 170 2419 Hec.
202 2385 358 2418 Philistus
387 2393 466 2418 vero
490 2386 717 2418 Artemitium
744 2394 815 2418 eam
843 2387 956 2422 vocat,
991 2387 1124 2419 forsitan

94 2433 221 2468 Dorice,

579 2481 642 2514 34.

136 2533 301 2574 Erimum,
319 2532 398 2565 urbs
413 2533 628 2565 OEnotrorum
643 2532 676 2565 in
693 2533 945 2566 mediterraneis.

580 2587 642 2620 35.

136 2641 235 2679 Ixias,
250 2639 329 2671 urbs
345 2640 561 2671 OEnotrorum
577 2638 610 2670 in
623 2637 857 2671 mediterranea
870 2639 1008 2680 regione.
1027 2641 1120 2672 Hec.:

97 2698 114 2714 «
128 2688 216 2719 Inest
231 2695 308 2719 vero
323 2686 410 2718 Ixias
427 2685 504 2718 urbs
514 2709 524 2725 ,
542 2686 626 2718 inest
640 2686 806 2719 Menecine
822 2687 913 2718 urbs.
933 2700 948 2714 »
963 2706 1006 2713 —
1017 2689 1126 2720 Mene-

95 2732 185 2774 cine,
206 2733 285 2766 urbs
301 2734 517 2766 OEnotrorum
533 2731 568 2765 in
581 2732 835 2765 mediterraneis.
850 2735 928 2766 Hec.

137 2839 305 2880 cyterium
315 2863 325 2880 ,
346 2838 425 2871 urbs
441 2840 654 2871 OEnotrorum
671 2838 704 2870 in
724 2838 977 2872 mediterraneis.

578 2892 626 2925 37
633 2917 641 2925 .

137 2943 312 2983 Malanius,
329 2943 408 2976 urbs
424 2943 563 2984 regionis
576 2943 818 2977 mediterraneae
833 2945 1059 2984 OEnotrorum,
1074 2953 1125 2976 ea-

97 2998 168 3022 rum
185 2999 259 3032 quae
275 2990 315 3022 ab
330 2991 482 3023 Hecataeo
494 2991 527 3022 in
543 2993 673 3031 Europa
690 2992 907 3023 recensentur.

578 3045 640 3078 38.

138 3095 252 3128 Ninaea
262 3119 272 3135 ,
284 3095 364 3128 urbs
381 3097 594 3128 OEnotrorum
608 3095 641 3127 in
657 3097 911 3129 mediterraneis.

581 3150 642 3183 39.

139 3202 260 3241 Cossa,
283 3201 359 3234 urbs
380 3203 593 3234 OEnotrorum
616 3202 647 3233 in
665 3203 918 3235 mediterraneis.

577 3257 642 3289 40.

139 3305 315 3345 Lametini,
332 3307 409 3339 urbs
433 3316 452 3339 a
473 3309 606 3340 Lameto
625 3307 725 3340 fluvio
747 3309 788 3340 ad
813 3310 999 3342 Crotonem.
1028 3309 1120 3339 Hec.:

101 3364 115 3380 κ
129 3354 178 3384 Ex
195 3354 326 3385 Lame-te
342 3362 417 3386 vero
430 3354 530 3386 ssuvio
545 3355 697 3387 dicuntur
709 3355 878 3387 Lametini.
897 3368 912 3382 »

1217 272 1271 308 St.
1290 274 1330 308 B.
1353 268 1484 320 Μέδμη
1497 299 1507 317 ,
1526 267 1628 312 πόλις
1647 215 1799 311 Ἰίιτοιιλίας
1826 267 1887 306 καὶ
1915 266 2026 321 κρήνη
2056 266 2191 318 ὁμώνυ-

1165 343 1238 379 μος.
1268 328 1348 367 Ἑκ.
1378 326 1545 380 Εὐρώπῃ·
1567 345 1582 362 «
1602 326 1853 418 ἈτὲἒόῖΜέδμης
1870 326 1999 380 κρήνης
2015 325 2116 369 τινός.
2136 344 2151 360 »

1218 436 1273 471 St.
1302 437 1343 471 Β.
1369 433 1591 477 Σκύλλαιον,
1622 410 1736 487 ἄκρα,
1768 432 1849 474 περὶ
1876 427 1918 480 ἧς
1937 432 2018 472 Ἕκ.
2049 433 2085 470 ἐν
2117 433 2192 472 Εὖ,

1168 490 1269 544 ρώπῃ
1292 491 1409 544 φησίν.

1221 600 1276 636 St.
1302 600 1343 634 B.
1371 595 1539 648 Ζάγκλη,
1566 597 1668 641 πόλις
1689 598 1854 641 Σικελίας
1873 613 1881 623 ·
1905 598 2099 641 Ἑκαταῖος
2123 599 2197 637 EG*-

1169 654 1271 710 ρώπῃ
1289 670 1298 681 ·
1319 656 1350 693 οἵ
1372 654 1433 706 μὲν
1452 654 1521 693 ἀπὸ
1540 654 1702 706 Ζάγκλου
1721 662 1782 696 τοῦ
1802 660 1974 709 Γηγενοῧς
1988 656 2012 704 ἢ
2028 656 2097 696 ἀπὸ
2110 657 2195 710 κρή-

1169 730 1231 762 νης
1252 713 1431 762 Ζάγκλης·
1452 715 1484 752 οἳ
1505 713 1542 751 δὲ
1571 713 1627 752 διὰ
1646 715 1686 754 τὸ
1710 717 1780 755 ἐκεῖ
1809 716 1943 770 Κρόνον
1963 716 2002 754 τὸ
2026 714 2195 769 δρέπανον

1170 772 1395 827 ἀποκρύψαι,
1415 765 1444 826 ᾧ
1462 770 1506 810 τὰ
1527 776 1586 811 τοῦ
1605 773 1735 827 πατρὸς
1756 774 1928 828 ἀπέκοψεν
1947 775 2075 813 αἰδοῖα.
2094 778 2197 814 Num

1171 834 1253 871 haec
1278 832 1407 870 omnia
1424 834 1603 871 Hecataeo
1623 832 1858 881 debeantur,
1875 834 2076 870 incertum.

1225 949 1280 984 St.
1307 947 1350 982 Β.
1380 941 1552 991 Κατάνῃ,
1582 941 1686 984 ’πόλις
1712 943 1887 988 Σικελίας.
1909 942 1990 983 Ἕκ.
2021 943 2200 998 Εὐρώπῃὶ

1175 1022 1191 1040 «
1213 1002 1303 1055 μέτα
1324 1003 1361 1041 δὲ
1384 1001 1534 1049 Κατάνη
1555 1001 1674 1050 πόλις,
1694 1000 1782 1054 ὅπερ
1804 1000 1841 1039 δὲ
1856 1000 1933 1053 ὅρος
1952 1000 2078 1049 Αἴτνη.
2097 1019 2112 1036 n

1228 1117 1284 1155 St.
1305 1118 1348 1153 B.
1376 1116 1625 1168 Συρακοῦσαι,
1647 1111 1747 1156 πόλις
1775 1112 1940 1156 Σικελίας
1964 1113 2134 1165 μεγίστη,
2157 1115 2202 1156 ὥς

1175 1173 1256 1213 Ἕκ.
1278 1174 1366 1228 Εὒρ.

1659 1224 1724 1265 46.

1229 1282 1283 1319 St.
1298 1283 1340 1318 B.
1366 1277 1578 1326 Λιλύὸαιον,
1601 1280 1624 1326 ἦ
1656 1275 1743 1331 πρὸς
1763 1275 1861 1315 δύσιν
1895 1276 1988 1330 ἄκρα
2007 1278 2068 1324 τῆς
2097 1277 2205 1316 Σικε-

1176 1338 1253 1382 λίας
1265 1352 1273 1361 ·
1295 1338 1375 1377 Ἕκ.
1397 1339 1484 1391 Εὖρ.
1504 1336 1613 1376 Ἔστι
1631 1336 1692 1375 καὶ
1711 1335 1824 1380 πόλις.

1231 1460 1287 1495 St.
1319 1460 1360 1494 B.
1391 1453 1537 1502 Μοτύη,
1562 1453 1663 1498 πόλις
1693 1453 1860 1498 Σικελίας
1888 1452 1959 1491 ἀπὸ
1985 1452 2128 1501 Μοτόης
2150 1468 2208 1504 γυ-

1178 1514 1315 1562 ναικὸς,
1354 1513 1558 1567 μηνυσάσης
1594 1513 1766 1568 ζΗρακλεῖ
1794 1512 1873 1555 τοὺς
1905 1511 2101 1556 ἐλάσαντας
2132 1511 2208 1555 τοὺς

1180 1584 1285 1622 αὐτοῦ
1311 1585 1405 1635 βοῦς.
1434 1582 1515 1622 Ἕκ.
1547 1582 1636 1636 Εὖρ.
1658 1579 1828 1625 Φίλιστος
1848 1578 1885 1618 δὲ
1904 1577 2067 1633 φρούριον
2100 1578 2209 1627 αὐτήν

1180 1656 1265 1693 φησι
1283 1639 1448 1684 Σικελίας
1466 1638 1769 1694 παραθαλάττιον.

1235 1771 1289 1808 St.
1320 1772 1363 1808 B.
1399 1769 1551 1815 Σολοῧς,
1579 1767 1679 1811 πόλις
1713 1766 1901 1815 Σικελίας,
1932 1767 1979 1808 ὥς
2008 1765 2086 1804 Ἑκ.
2123 1766 2209 1818 Εὒρ.

1181 1844 1197 1861 «¹
1223 1827 1451 1875 Ἐκλήθησαν
1473 1826 1508 1865 δὲ
1529 1825 1598 1865 ἀπὸ
1618 1826 1809 1870 Σολόεντος
1825 1823 2033 1872 κακοξένου,
2057 1823 2094 1863 ὃν
2115 1826 2209 1862 ἀνεῖ-

1179 1888 1239 1925 λεν
1254 1886 1449 1940 Ἡρακλῆς.
1466 1905 1481 1920 »
1496 1889 1571 1924 Pro
1590 1884 1758 1928 Σικελίας
1771 1889 1811 1923 Μ
1815 1899 1862 1923 ss.
1878 1883 2056 1931 Κιλικίας,
2070 1897 2214 1925 errore,

1181 1950 1257 1984 Pro
1273 1945 1474 1993 ἐκλήθησαν
1489 1953 1579 1983 sunt
1597 1945 1663 1996 qui
1681 1943 1811 1991 ἐκλήθη
1829 1944 1888 1981 vel
1903 1941 2073 1990 κέκληται
2089 1943 2213 1993 leger(-

1183 2005 1330 2044 malint.
1351 2005 1543 2044 Videntur
1567 2013 1696 2042 autem
1725 2004 1807 2042 haec
1835 2002 1958 2041 verba
1983 2002 2106 2053 ipsius
2132 2014 2214 2039 esse

1187 2065 1380 2111 Hecataei,
1402 2064 1469 2115 qui
1499 2063 1547 2104 de
1570 2063 1706 2103 incolis
1726 2071 1839 2101 antea
1859 2061 2012 2101 dixerit.

1668 2181 1734 2214 41.

1225 2234 1393 2275 Medama,
1421 2233 1500 2266 urbs
1516 2234 1618 2266 Italiae
1637 2235 1669 2265 et
1685 2233 1758 2265 fons
1777 2232 1921 2273 ejusdem
1939 2231 2092 2263 nominis.
2136 2231 2213 2262 Hec‚

1184 2283 1314 2323 Europa
1328 2291 1336 2313 z
1359 2294 1375 2310 «
1389 2290 1408 2313 a
1423 2281 1551 2313 Medme
1569 2280 1658 2313 fonte
1674 2279 1829 2320 quodam.
1847 2292 1864 2307 ι)

1227 2387 1399 2428 Scyllaeum
1409 2411 1418 2427 ,
1434 2334 1774 2429 promontoriurl'112,·de
1786 2393 1851 2426 quo
1867 2386 1944 2417 Hec.

1669 2441 1733 2473 43.

1228 2493 1353 2534 Zancle,
1370 2493 1448 2526 urbs
1463 2493 1596 2533 Siciliae,
1617 2494 1710 2525 Hec.:
1734 2492 1786 2524 alii
1802 2501 1821 2524 a
1836 2491 1953 2523 Zanclo
1969 2488 2148 2528 Terrigena,
2163 2486 2213 2519 vel

1186 2549 1204 2573 a
1220 2541 1308 2573 fonte
1333 2540 1470 2582 Zancle;
1488 2540 1541 2572 alii
1563 2541 1690 2579 autem,
1720 2539 1810 2580 quod
1833 2538 1898 2571 illic
1923 2539 2079 2568 Saturnus
2102 2534 2213 2566 falcem

1186 2588 1425 2621 abscondiderit
1439 2613 1448 2628 ,
1466 2596 1531 2629 qua
1545 2587 1646 2629 patris
1660 2586 1812 2628 pudenda
1826 2584 1975 2617 abscidit,

1669 2640 1734 2673 44.

1227 2697 1366 2735 Catane,
1381 2694 1459 2726 urbs
1476 2693 1603 2726 Siciliae.
1622 2694 1700 2725 Hec.
1720 2702 1728 2724 ε
1756 2704 1772 2719 «
1787 2693 1864 2723 Post
1879 2698 1952 2722 vero
1969 2688 2091 2721 Catane
2104 2686 2183 2719 urbs
2201 2709 2210 2723 ,

1186 2750 1283 2782 supra
1295 2744 1403 2774 autem
1419 2750 1513 2773 mons
1530 2742 1637 2772 AEtna.
1657 2752 1672 2767 η

1666 2793 1731 2826 45.

1227 2850 1412 2889 Syracusae,
1427 2846 1506 2879 urbs
1523 2845 1640 2878 Siciliae
1657 2844 1809 2929 12axima.

1696 2900 1732 2931 6.

1227 2954 1408 2995 Lilybaeum
1418 2977 1426 2992 ‚
1445 2951 1561 2985 Siciliae
1575 2949 1832 2991 promontorium
1854 2948 1895 2980 ad
1910 2946 2119 2980 occidentem.
2134 2947 2212 2980 Hec.

1185 3002 1244 3032 Est
1265 3004 1297 3033 et
1315 3000 1405 3032 urbs.

1695 3051 1730 3083 7.

1226 3109 1351 3146 Motya,
1379 3105 1458 3137 urbs
1480 3103 1595 3136 Siciliae
1624 3112 1643 3134 a
1667 3052 1782 3143 ῗαοῐγει
1812 3101 1948 3140 semina,
1970 3109 2044 3142 quae
2062 3100 2215 3133 indicavit

1184 3154 1313 3187 Herculi
1321 3162 1376 3184 eos
1386 3152 1442 3192 qui
1455 3151 1558 3192 ipsius
1571 3150 1671 3181 boves
1684 3149 1864 3190 abegerant.
1876 3150 1954 3180 Hec.
1970 3148 2126 3181 Philistus
2138 3157 2215 3180 vero

1184 3201 1304 3233 Siciliae
1319 3198 1486 3231 castellum
1504 3197 1706 3229 maritimum
1723 3205 1795 3228 esse
1811 3196 1867 3227 ait.

1227 3306 1320 3337 Solus
1333 3328 1341 3343 ,
1364 3303 1443 3335 urbs
1464 3303 1599 3343 Siciliae,
1617 3305 1652 3334 ut
1668 3251 1747 3335 illic.
1769 3312 1776 3333 :
1795 3315 1810 3330 «
1827 3301 1994 3334 Nominati
2012 3303 2121 3333 autem
2140 3301 2216 3332 sunt

1184 3353 1298 3385 incolae
1317 3360 1336 3382 a
1348 3351 1496 3383 Soloente
1511 3349 1714 3391 inhospitali,
1732 3357 1828 3391 quem
1843 3348 2004 3382 interfecit
2017 3349 2178 3381 Hercules,
2196 3362 2210 3378 υ

2061 3406 2090 3438 1.
