2320 3684
159 174 236 207 430

896 157 1228 199 APOLLODORI
1256 156 1590 198 FRAGMENTA.

159 253 312 309 Ἀχέρων
330 252 367 292 δὲ
383 251 443 291 καὶ
458 249 663 304 Ἀχερουσία
681 248 788 299 λίμνη
805 245 946 295 ταυτὸν,
965 247 1012 289 ὣς
1028 244 1088 283 καὶ
1111 245 1187 284 Σο-
1245 243 1329 298 πυρὶ
1355 242 1541 298 φλέγεσθαι
1562 242 1641 287 τοὺς
1667 243 1920 292 τελευτῶντας,
1945 244 1991 287 ὡς
2008 242 2171 298 ”Ομηρός
2197 260 2270 298 φη..

160 314 293 367 φοκλῆς
320 313 356 351 ἐν
384 309 564 362 Πολυξένη
591 306 655 355 τὴν
672 311 732 346 τοῦ
759 304 947 359 Ἀχιλλέως
972 303 1089 358 ψυχὴν
1118 304 1187 342 εἰσ·
1246 318 1300 342 σιν
1320 302 1410 355 (Od.
1433 305 1484 350 A,
1505 303 1594 354 218)
1611 318 1619 326 ·

161 372 238 423 ἄγει
256 370 426 423 λέγουσαν
440 385 448 394 ·

325 440 430 476 Ἀκτὰς
445 436 606 474 ἀπαιῶνάς
618 448 652 470 τε
666 437 720 468 καὶ
737 436 940 478 μελαμὸαθεῖς

325 489 459 519 λιποῦσα
475 486 581 526 λίμνης
594 484 686 524 ἦλθον
700 484 839 525 ἠχούσης
856 483 948 524 γόους

326 535 498 576 Ἀχέροντος
515 532 688 573 ὀξυπλῆγας
702 531 831 574 ἄρσενας
847 530 934 573 χοάς·

163 601 270 644 ἀκτὰς
310 602 380 638 τῶν
426 600 556 652 νεκρῶν
602 596 716 648 λέγων
757 598 897 635 παιῶνα
931 596 996 635 οὐκ
1021 593 1189 647 ἐχούσας,

162 660 307 714 ἄρσενας
321 658 357 697 δὲ
376 658 462 710 χοὰς
474 656 536 701 τὰς
549 655 648 695 οὐδὲν
662 654 903 710 ἔκτρεφούσας·
921 654 1029 702 θήλεα
1044 653 1107 706 μὲν
1121 652 1190 705 γὰρ

161 718 204 757 τὰ
222 716 449 771 καρποφόρα,
467 716 596 770 ἄρσενα
619 715 656 754 δὲ
681 715 726 755 τὰ
753 715 861 768 ἄγονα
890 713 1075 765 λέγονται,
1099 710 1188 767 [διὰ]

161 778 200 816 τὸ
223 777 286 829 μὲν
303 777 343 816 τὸ
359 776 503 830 σπέρμα
521 774 690 829 παρέχειν
709 773 828 827 μόνον,
844 773 906 822 τὴν
925 773 962 812 δὲ
983 772 1044 811 καὶ
1067 771 1191 825 ἐκτρέ-

162 852 250 890 φειν.
265 833 374 875 υΟθεν
391 835 448 874 καί
460 836 565 882 θῆλυς
581 834 698 887 ἐέρση,
713 837 736 881 ἡ
750 832 939 885 πολύγονος
949 832 1009 871 καὶ
1023 831 1189 886 τροφίμη.

161 897 459 948 Διαπεραιοῧσθαι
485 893 522 932 δὲ
545 892 613 932 ὑπὸ
637 895 706 932 τῶν
733 891 994 944 ἀπογινομένων
1012 891 1070 930 τὸν
1090 890 1193 943 Ἀχέ-

163 953 267 1009 ροντά
281 969 384 1007 φασιν
400 952 557 997 εἰκότως·
574 955 593 991 ὁ
611 951 679 1006 γὰρ
691 951 923 1004 μετηλλαχὼς
938 950 1054 990 πάντα
1070 948 1115 989 τὰ
1130 953 1191 989 τοῦ

162 1016 224 1064 ζῇν
256 1012 326 1065 ἄχη
362 1012 486 1065 σχεδὸν
513 1014 677 1066 ὑπερῆρε,
702 1011 762 1050 καὶ
793 1010 886 1050 ἔστιν
918 1011 953 1049 ἐν
978 1009 1106 1063 ἀπονία
1132 1009 1192 1048 καὶ

164 1072 296 1127 ἀλυπία
323 1071 433 1124 πάσῃ.
466 1070 645 1126 Γοργύραν
671 1069 707 1109 δὲ
726 1074 788 1108 τοῦ
816 1069 1015 1123 Ἀχέροντος
1042 1074 1192 1120 γυναῖκα

162 1130 470 1186 προσανέπλασαν,
489 1130 558 1169 ἀπὸ
574 1133 635 1168 τοῦ
652 1128 763 1182 γοργὰ
777 1128 959 1183 φαίνεσθαι
969 1134 1041 1172 τοῖς
1053 1129 1194 1171 πολλοῖς

161 1191 207 1228 τὰ
225 1193 258 1229 ἐν
277 1188 394 1248 ᾍδου·
411 1189 498 1228 καθὸ
516 1188 558 1236 δὴ
577 1189 636 1228 καὶ
655 1190 761 1227 αὐτοῦ
783 1187 906 1227 τούτου
917 1187 1059 1235 τιθήνην
1077 1190 1096 1225 ὑ
1109 1186 1192 1226 Σώ-

164 1266 259 1304 φρων
279 1248 519 1303 Μορμολύκαν
537 1247 713 1299 ὠνόμασε.
735 1265 751 1282 »

218 1310 345 1347 Ταῦτα
364 1306 401 1346 δὲ
430 1306 536 1346 εἰπὼν
561 1306 641 1360 περὶ
666 1309 728 1345 τοῦ
748 1304 948 1358 Ἀχέροντος
973 1303 1195 1343 Ἀπολλόδω-

165 1383 220 1423 ρος
252 1367 375 1418 ἐπάγει
404 1366 483 1420 περὶ
513 1369 575 1413 τῆς
611 1364 744 1416 Στυγὸς
785 1365 906 1407 αὐταῖς
945 1362 1059 1408 λέξεσι
1099 1363 1194 1402 τάδε·

167 1445 183 1461 ει
202 1426 322 1478 Στύγα
342 1425 378 1464 δὲ
405 1424 519 1472 δεινήν
542 1439 622 1463 τινα
650 1423 710 1462 καὶ
737 1421 886 1477 φοὸερὰν
911 1422 1195 1474 ὑποστησάμενοι

165 1488 315 1539 δαίμονα
327 1517 337 1533 ,
357 1489 442 1524 θεῶν
463 1485 578 1539 ὅρκον,
599 1485 635 1523 ἓν
653 1484 759 1541 ᾍδου
776 1498 815 1522 τε
834 1482 964 1530 ταύτην
979 1482 1194 1536 κατῴκισαν,

166 1547 225 1586 καὶ
240 1549 301 1592 τῆς
321 1544 557 1599 προσηγορίας
573 1543 707 1591 ταύτης
714 1541 869 1590 ἠξίωσαν
881 1541 1025 1581 ἀπὸτοῦ
1039 1542 1195 1594 στυγνά-

168 1607 237 1649 ζειν
255 1610 326 1649 τοῖς
341 1603 504 1652 πένθεσι,
523 1603 583 1641 καὶ
601 1601 788 1654 στύγεσθαι
811 1599 856 1639 τὰ
875 1603 910 1639 ἐν
930 1601 1046 1658 ᾍδου.
1061 1600 1196 1654 εὈρκον

164 1663 200 1702 δὲ
216 1667 286 1702 τῶν
305 1666 405 1711 θεῶν,
427 1663 470 1701 δι’
487 1661 714 1709 ἐναντιότητα
727 1677 734 1685 ·
759 1663 781 1708 ἡ
815 1660 880 1712 μὲν
901 1662 969 1715 γὰρ
987 1663 1057 1699 τῶν
1086 1660 1196 1699 ὄντων

163 1739 202 1760 τε
235 1722 294 1761 καὶ
327 1720 464 1767 ζώντων
494 1719 686 1774 φθαρτικὴν
717 1719 791 1772 ἔχει
824 1718 986 1771 δύναμιν,
1025 1718 1105 1757 ὅσον
1143 1718 1197 1772 ἐφ’

165 1783 288 1834 ἑαυτῇ·
316 1783 347 1820 οἱ
371 1780 408 1819 δὲ
427 1783 470 1832 τῇ
494 1796 532 1819 τε
551 1778 753 1833 προαιρέσει
769 1778 828 1817 καὶ
845 1780 895 1832 τῷ
914 1777 1036 1832 τρόπῳ
1055 1777 1198 1824 διεστή-

165 1856 260 1880 κασι.
278 1859 293 1874 n

220 1902 388 1937 Τοσαῦτα
418 1898 498 1951 περὶ
526 1901 590 1944 τῆς
614 1896 748 1948 Στυγὸς
771 1895 890 1943 εἰπὼν,
910 1895 1050 1947 ἐπάγει·
1074 1913 1090 1929 α
1111 1898 1198 1935 Κω-

168 1959 271 1997 κυτὸν
299 1958 336 1997 δὲ
357 1957 515 2009 ποταμὸν
548 1957 749 1996 ἀνέπλασαν
780 1956 851 1995 ἀπὸ
879 1960 941 1994 τοῦ
972 1955 1138 1994 κωκύειν·
1165 1956 1199 1999 ὅς

166 2021 241 2058 ἐστι
269 2018 403 2070 Στυγὸς
431 2018 491 2056 καὶ
512 2017 733 2069 στυγνάσεως
763 2015 936 2070 ἀποῤῥώξ.
962 2015 1132 2056 Τοιούτου
1162 2015 1199 2054 δέ

167 2080 241 2116 ἐστι
257 2077 376 2130 γένους
395 2077 454 2117 καὶ
470 2080 487 2115 ὁ
506 2077 774 2131 Πυριφλεγέθων
786 2091 794 2099 ·
816 2075 952 2129 εἴρηται
967 2074 1035 2128 γὰρ
1053 2075 1123 2114 ἀπὸ
1138 2079 1199 2114 τοῦ

167 2189 314 2221 Acheron
345 2198 439 2229 porro
459 2189 493 2221 et
513 2187 692 2220 Acherusia
721 2187 813 2228 palus
828 2187 915 2219 idem
949 2187 1075 2225 valent,
1092 2195 1200 2227 quem-

167 2235 341 2268 admodum
365 2235 539 2277 Sophocles
558 2235 591 2267 in
608 2235 773 2276 Polyxena
793 2233 925 2266 Achillis
946 2233 1088 2265 animam
1103 2233 1199 2265 intro-

167 2284 258 2316 ducit
276 2283 460 2324 loquentem
477 2294 484 2312 :

229 2365 324 2404 Ripas
340 2365 427 2394 nullo
443 2366 512 2394 laeto
528 2371 619 2394 cautu
636 2370 815 2394 resonantes
828 2370 921 2403 atque
937 2365 1038 2404 nigras

230 2412 411 2451 relinquens
427 2413 551 2452 paludis
566 2414 703 2441 sonantis
720 2411 862 2451 gemituS,

231 2459 414 2488 Acherontis
430 2466 520 2489 acuto
536 2460 668 2498 strepitu
682 2459 765 2498 ripas
781 2459 925 2488 alluentis
940 2460 1060 2490 steriles
1076 2461 1186 2491 undas.
1234 2472 1239 2480 ⁴

169 2541 206 2571 ln
229 2537 348 2578 quibus
382 2536 586 2568 mortuorum
622 2533 768 2574 regiones
802 2542 913 2574 paeane
934 2536 1079 2567 carentes
1101 2535 1200 2576 dicit,

169 2585 330 2618 masculas
342 2591 419 2615 vero
428 2581 544 2621 undas,
554 2589 628 2622 quae
638 2580 718 2612 nihil
730 2580 926 2621 producant3
939 2582 1202 2624 quandoquidem

170 2631 325 2672 frugifera
342 2628 498 2667 feminea,
524 2627 644 2660 sterilia
662 2636 739 2659 vero
772 2627 916 2659 mascula
932 2628 1096 2668 dicuntur,
1115 2629 1202 2670 quod

169 2679 222 2711 ille
237 2686 348 2710 semen
370 2676 542 2708 dumtaxat
555 2674 756 2716 suppeditet,
777 2675 846 2706 haec
860 2675 957 2706 etiam
977 2676 1098 2707 nutriat
1119 2686 1126 2707 :
1149 2686 1204 2708 un-

169 2727 210 2758 de
228 2726 326 2758 etium
347 2732 400 2756 ros
422 2722 581 2755 femineus
598 2730 618 2754 a
638 2721 836 2754 fecunditate
855 2721 985 2754 dicitur.
1009 2725 1074 2754 Nec
1094 2723 1203 2756 imme-

170 2774 232 2805 rito
247 2773 361 2804 dicunt
382 2780 401 2803 a
416 2770 552 2802 mortuis
572 2769 784 2802 Acherontem
806 2769 929 2810 trajici,
951 2770 1105 2810 quoniam
1122 2771 1204 2804 tales

171 2829 284 2852 omnes
300 2819 378 2851 vitae
391 2818 518 2851 dolores
535 2819 762 2858 excesserunt,
777 2817 931 2858 omnique
943 2816 1053 2849 labore
1077 2826 1114 2849 ac
1127 2827 1204 2850 moe-

170 2876 243 2899 rore
261 2867 380 2899 carent.
405 2867 584 2906 Gorgyram
605 2863 723 2897 deinde
744 2864 932 2896 Acherontis
953 2873 1087 2897 uxorem
1107 2864 1204 2898 tinxe-

171 2917 257 2954 runt,
271 2914 359 2956 quod
370 2913 528 2946 horrenda
537 2912 658 2957 (γοργά)
670 2911 832 2954 plerisque
842 2912 993 2944 videntur
1006 2922 1079 2954 quae
1095 2912 1136 2945 ad
1153 2915 1204 2945 In-

172 2962 258 2994 feros
271 2962 452 3003 pertinent:
470 2962 508 2994 ut
523 2963 555 2993 et
570 2961 639 3002 ejus
654 2959 815 2992 nutricem
829 2959 975 3001 Sophron
988 2960 1203 3002 Mormolycen

173 3009 333 3040 vocavit.»
343 3010 448 3049 Atque
454 3008 525 3040 haec
535 3007 575 3039 de
582 3007 762 3040 Acheronte
773 3006 900 3040 locutus
908 3005 1134 3048 Apollodorus,
1144 3007 1205 3040 ista

174 3055 214 3086 de
227 3058 323 3095 Styge
339 3055 505 3096 subjungit
521 3065 528 3086 ε
550 3067 564 3082 «
580 3055 711 3095 Stygem
727 3062 805 3086 vero
828 3054 1019 3086 horrendam
1041 3055 1204 3096 quandam

174 3101 328 3141 fingentes
345 3102 456 3142 deam,
481 3111 519 3134 ac
539 3101 673 3134 deorum
689 3100 937 3143 jiisjurandum‚
961 3103 1028 3133 tum
1051 3102 1137 3143 apud
1158 3103 1204 3134 in-

176 3148 259 3179 feros
280 3156 351 3180 eam
372 3149 588 3189 collocarunt,
611 3151 701 3187 tum,
725 3149 813 3190 quod
831 3150 1059 3182 contristamur
1078 3149 1206 3181 calami-

175 3194 298 3226 tatibus
324 3198 357 3227 et
377 3196 471 3228 invisi
493 3205 560 3237 prae
576 3197 664 3228 luctu
686 3199 763 3228 sunt
778 3196 888 3235 inferi,
911 3197 973 3228 hoc
988 3205 1058 3229 eam
1079 3197 1206 3229 nomine

176 3241 349 3273 donarunt.
381 3244 522 3274 Deorum
551 3253 627 3276 vero
649 3244 875 3284 jusjurandum
903 3252 960 3285 per
988 3245 1205 3285 contrarium,

177 3288 437 3328 quandoquidem
463 3293 497 3321 ut
520 3291 589 3322 liaec
611 3290 686 3322 vitae
708 3291 860 3323 tollendae
883 3292 951 3322 vim
974 3291 1004 3322 in
1029 3300 1064 3323 se
1087 3292 1182 3326 habet
1196 3316 1206 3332 ‚

178 3335 223 3366 ita
242 3334 286 3366 illi
307 3335 474 3367 voluntate
496 3346 534 3368 ac
558 3337 701 3369 moribus
717 3338 758 3369 ab
781 3347 819 3370 eo
841 3338 972 3370 distant.
993 3352 1007 3366 υ
1025 3339 1152 3376 Quibus
1167 3339 1207 3372 de

178 3383 275 3423 Styge
296 3382 428 3423 positis,
454 3383 521 3415 haec
538 3384 667 3423 subjicit
686 3394 692 3414 :
714 3397 729 3411 «
741 3386 901 3425 Cocytum
926 3394 1020 3426 porro
1038 3386 1172 3417 fluvium
1189 3396 1206 3418 a

1413 362 1461 394 Οὔ
1475 362 1533 405 γὰρ
1546 362 1590 394 ἔτι
1605 360 1721 404 σάρκας
1733 371 1767 392 τε
1780 361 1834 392 καὶ
1850 360 1944 392 ὀστέα
1955 361 2016 397 ἶνες
2032 360 2157 403 ἔχουσιν
2171 373 2180 381 ·

1411 409 1488 441 ἀλλὰ
1502 410 1541 442 τὰ
1553 409 1608 450 μέν
1619 420 1653 441 τε
1663 408 1758 451 πυρὸς
1772 407 1917 450 κρατερὸν
1934 408 2022 449 μένος
2034 409 2208 450 αἰθομένοιο

1412 457 1524 498 δαμνᾷ,
1541 457 1607 489 ἐπεί
1623 468 1659 488 κε
1673 458 1782 498 πρῶτα
1797 455 1871 496 λίπῃ
1890 455 1972 487 λεύκ’
1995 455 2092 488 ὀστέα
2114 456 2226 497 θυμός·

1412 504 1498 544 ψυχὴ
1516 505 1556 544 δ’,
1571 504 1639 542 ἠΰτ’
1654 504 1779 545 ὄνειρος,
1795 501 1997 543 ἀποπταμένη
2009 501 2192 541 πεπότηται.

1248 549 1473 588 Ὑποτίθεται
1511 550 1578 604 γὰρ
1609 549 1670 594 τὰς
1696 547 1812 604 ψυχὰς
1841 554 1913 592 τοῖς
1946 548 2098 592 εἰδώλοις
2130 555 2202 593 τοῖς
2236 550 2273 588 ἐν

1246 615 1316 654 τοῖς
1335 609 1542 663 κατόπτροις
1561 609 1780 664 φαινομένοις
1796 607 1935 659 ὁμοίας,
1961 607 2020 646 καὶ
2038 613 2110 652 τοῖς
2128 607 2186 647 διὰ
2203 610 2273 648 τῶν

1248 667 1384 707 ὑδάτων
1417 667 1701 720 συνισταμένοις,
1730 667 1752 706 ἃ
1785 666 1946 712 καθάπαξ
1965 669 2050 718 ἡμῖν
2080 665 2277 712 ἐξείκασται

1248 726 1307 766 καὶ
1333 726 1397 772 τὰς
1423 726 1575 775 κινήσεις
1595 733 1772 780 μιμεῖται,
1792 725 2014 779 στερεμνώδη
2041 725 2070 764 δ’
2085 723 2275 766 ὑπόστασιν

1248 786 1411 838 οὐδεμίαν
1444 785 1518 840 ἔχει
1543 788 1590 831 εἰς
1621 787 1804 839 ἀντίληψιν
1837 785 1897 825 καὶ
1926 783 2032 839 ἁφὴν,
2069 783 2144 824 ὅθεν
2171 783 2279 828 αὐτὰς

1251 848 1382 900 βροτῶν
1401 846 1527 886 εἴδωλα
1546 845 1731 898 καμόντων
1752 845 1858 898 λέγει.
1881 863 1896 879 n

1303 907 1350 945 Οἱ
1372 904 1512 949 πλείους
1528 904 1564 943 δὲ
1580 905 1673 959 ὕδωρ
1689 903 1877 957 ἱστόρησαν
1892 902 1955 950 τὴν
1975 905 2096 954 Στυγα
2112 901 2278 954 ἐπίγειον,

1250 963 1352 1018 φύσιν
1372 963 1452 1017 ἔχον
1474 963 1667 1016 ἀμύνεσθαι
1691 963 1770 1008 τοὺς
1797 963 1878 1002 κατ’
1902 965 2007 1002 αὐτοῦ
2030 962 2165 1015 ψευδῶς
2188 961 2279 1014 ὀμό-

1253 1040 1314 1062 σαι
1329 1023 1587 1076 τολμήσαντας.
1603 1023 1799 1071 Διαὸόητον
1821 1022 1884 1074 μὲν
1900 1023 2014 1062 τοίνυν
2040 1022 2174 1074 Στυγὸς
2189 1021 2280 1076 ὕδωρ

1251 1082 1344 1121 κατὰ
1362 1082 1546 1136 Ἀρκαδίαν
1567 1085 1599 1121 οἱ
1618 1083 1787 1136 ἱστορικοὶ
1820 1082 2115 1136 ἀναγεγράφασιν,
2135 1076 2183 1120 ὧν
2206 1082 2282 1120 ἐστι

1250 1142 1312 1180 καὶ
1328 1140 1517 1195 εΗρόδοτος
1533 1146 1616 1194 (VI,
1638 1142 1718 1193 74),
1736 1141 1771 1184 ὃς
1787 1142 1822 1179 ἐν
1836 1144 1880 1193 τῇ
1898 1140 1983 1192 ἕκτῃ
1999 1140 2044 1180 τὰ
2062 1140 2154 1179 κατὰ
2171 1141 2284 1179 Κλεο-

1254 1199 1362 1251 μένην
1381 1201 1635 1254 ἀφηγούμενος,
1656 1200 1783 1254 γράφει
1799 1204 1922 1238 ταῦτα·
1939 1200 2123 1239 Ἐντεῦθεν
2144 1199 2181 1238 δὲ
2198 1201 2284 1254 ἀφι-

1252 1256 1396 1309 κόμενος
1428 1260 1476 1302 εἷς
1497 1258 1561 1306 τὴν
1597 1258 1794 1312 Ἀρκαδίαν,
1823 1258 1975 1313 νεώτερα
2002 1257 2157 1312 ἔπρησσε
2189 1257 2284 1310 πρά-

1251 1331 1391 1367 γματα,
1431 1317 1594 1361 συνιστὰς
1634 1317 1712 1362 τοὺς
1741 1318 1910 1372 Ἀρκάδας
1941 1317 1998 1356 ἐπὶ
2028 1320 2072 1370 τῇ
2115 1317 2283 1372 Σπάρτῃ·

1254 1374 1378 1420 ἄλλους
1390 1393 1428 1415 τε
1439 1376 1558 1430 ὅρκους
1567 1377 1755 1452 προσάγων
1767 1393 1842 1432 σφι,
1854 1377 1915 1416 καὶ
1929 1377 1971 1425 δὴ
1982 1377 2042 1416 καὶ
2056 1379 2090 1422 ἐς
2099 1377 2283 1431 Νώνακριν

1253 1434 1355 1474 πόλιν
1391 1436 1567 1490 πρόθυμος
1592 1453 1634 1485 ην
1662 1439 1732 1476 τῶν
1750 1437 1931 1491 Ἀρκάδων
1959 1435 2038 1479 τοὺς
2062 1439 2286 1491 προεστῶτας

1255 1493 1417 1547 ἀγινέων,
1434 1495 1593 1550 ἐξορκοῦν
1612 1495 1652 1535 τὸ
1668 1495 1801 1548 Στυγὸς
1823 1496 1928 1550 ὕδωρ.
1945 1496 2180 1549 Καλλίμαχος
2195 1495 2228 1534 δ’
2247 1497 2283 1534 ἐν

1254 1556 1304 1607 τῷ
1341 1554 1421 1609 περὶ
1446 1557 1604 1610 Νυμφῶν
1636 1555 1887 1610 συγγράμματι
1914 1555 1974 1594 καὶ
1995 1555 2036 1594 τὸ
2067 1555 2198 1607 ἰδίωμα
2224 1558 2287 1594 τοῦ

1255 1613 1380 1658 ὕδατος
1407 1616 1617 1668 ἀφηγεῖται,
1646 1615 1760 1668 λέγων
1794 1614 1903 1654 οὕτω·
1935 1614 2028 1659 Στὺξ
2053 1616 2088 1653 ἐν
2117 1613 2287 1668 Νωνάκρι

1257 1671 1368 1726 κρήνη
1399 1675 1462 1720 τῆς
1496 1674 1700 1727 Ἀρκαδίας,
1731 1669 1772 1720 ἧς
1801 1673 1894 1728 ὕδωρ
1924 1673 1999 1713 ἐστὶ
2030 1673 2070 1713 τὸ
2098 1672 2286 1713 διακόπτον

1256 1732 1373 1771 πάντα
1389 1732 1434 1771 τὰ
1451 1735 1594 1785 ἀγγεῖα,
1614 1732 1705 1781 πλὴν
1721 1735 1790 1771 τῶν
1809 1733 2012 1787 κερατίνων.

1311 1795 1509 1830 Postrema
1532 1792 1620 1830 inde
1638 1806 1661 1830 a
1676 1793 1806 1831 verbis
1826 1794 1857 1830 οἱ
1876 1791 2016 1836 πλείους
2035 1790 2072 1830 δὲ
2091 1791 2183 1845 ὕδωρ
2206 1790 2288 1829 for-

1256 1860 1355 1888 tasse
1374 1865 1451 1889 non
1477 1861 1566 1890 sunt
1589 1852 1838 1904 Apollodori,
1859 1853 1925 1890 sed
1950 1852 2167 1903 Porphyrii.
2189 1855 2288 1890 Nam

1255 1923 1401 1947 novum
1424 1911 1486 1948 hic
1512 1911 1648 1962 incipit
1671 1910 1978 1962 ἀποσπασμάτιον.

1310 2017 1482 2055 Clemens
1506 2018 1612 2055 Alex.
1633 1965 1849 2069 Cohogd'p.
1879 2031 1939 2065 12,
1957 2017 1982 2054 l.
2003 2031 2027 2067 9
2046 2021 2165 2060 Pott.,
2185 2030 2222 2068 p.
2246 2023 2281 2062 l..

1256 2075 1434 2126 Sylburg.
1454 2091 1461 2113 :
1487 2075 1559 2115 Καί
1578 2091 1638 2127 μοι
1663 2077 1754 2114 δοκεῖ
1773 2076 1818 2114 τὰ
1843 2075 1944 2129 ὄργια
1958 2076 2019 2114 καὶ
2037 2076 2081 2114 τὰ
2106 2075 2282 2130 μυστήρια

1258 2186 1383 2227 ploratu
1406 2186 1570 2219 linxerunt
1583 2211 1592 2226 ‚
1631 2186 1688 2228 qui
1717 2186 1824 2228 Stygis
1846 2187 1897 2219 est
1918 2187 2018 2219 rivus.
2061 2188 2171 2228 Neque
2207 2186 2289 2219 alius

1257 2232 1382 2272 generis
1404 2235 1454 2264 est
1475 2232 1765 2275 Pyriphlegethon,
1787 2233 1829 2265 ab
1850 2233 1981 2266 urendis
2002 2233 2140 2266 mortuis
2161 2233 2288 2273 dictus,

1257 2279 1532 2321 quemadmodum
1552 2282 1713 2313 Homerus
1728 2281 1774 2313 ait
1791 2290 1800 2312 ε

1324 2333 1403 2362 Nam
1419 2342 1477 2361 nec
1493 2332 1594 2362 adhuc
1609 2343 1732 2362 carnem
1745 2356 1754 2373 ‚
1771 2343 1829 2363 nec
1845 2333 1962 2363 habent
1983 2344 2050 2363 ossa
2067 2334 2151 2364 arida
2169 2335 2268 2375 nervi,

1321 2379 1372 2408 illa
1390 2378 1448 2409 sed
1462 2379 1598 2409 ardentis
1615 2381 1726 2410 victrix
1741 2381 1885 2410 violentia
1901 2381 2029 2410 flammae

1322 2427 1447 2457 edomat
1458 2450 1466 2466 ,
1483 2434 1517 2457 nt
1531 2429 1666 2467 primum
1683 2429 1851 2467 spirantem
1867 2428 1929 2458 vita
1945 2429 2094 2469 reliquit,

1323 2481 1370 2503 ast
1386 2475 1487 2504 anima
1499 2498 1508 2515 ,
1527 2481 1561 2504 ut
1576 2474 1698 2514 fumus,
1715 2485 1826 2515 supera
1843 2476 1875 2504 iu
1892 2486 2032 2506 connexa
2048 2476 2175 2508 volavit.

1261 2527 1356 2558 Ponit
1392 2527 1478 2559 enim
1515 2527 1640 2560 animas
1678 2527 1873 2569 imaginibus
1895 2529 2100 2569 speculorum
2121 2530 2172 2562 vel
2194 2538 2288 2571 aqua-

1262 2583 1333 2606 rum
1362 2574 1505 2614 similes,
1528 2583 1602 2615 quae
1627 2576 1664 2607 ut
1689 2575 1782 2616 plane
1805 2584 1865 2607 nos
1891 2576 2077 2616 exprimunt
2108 2585 2146 2608 ac
2180 2579 2290 2609 motus

1261 2621 1452 2661 imitantur,
1475 2621 1522 2653 ita
1544 2621 1680 2654 solidam
1703 2623 1851 2654 naturam
1873 2621 1915 2654 ad
1938 2624 2123 2655 contactum
2149 2632 2216 2655 non
2237 2623 2290 2656 ha·

1261 2668 1361 2700 bent:
1379 2677 1445 2709 qua
1463 2668 1504 2700 de
1521 2677 1635 2701 caussa
1649 2668 1720 2701 illas
1735 2670 1810 2701 vita
1823 2669 2018 2702 simulacra
2032 2672 2221 2703 carentum
2235 2679 2290 2703 no-

1263 2715 1376 2747 minat.
1397 2727 1412 2743 n

1304 2762 1449 2802 Plerique
1476 2771 1554 2794 sane
1581 2771 1698 2803 aquam
1727 2765 1883 2795 terrenam
1911 2764 2039 2804 Stygem
2068 2764 2289 2804 tradiderunt,

1262 2819 1336 2850 quae
1357 2818 1414 2850 per
1435 2810 1540 2850 ipsam
1562 2810 1738 2850 pejerantes
1759 2812 1874 2851 punire
1895 2812 2004 2851 posset
2036 2820 2044 2842 ε
2068 2814 2289 2844 verumtamen

1263 2856 1456 2898 praecipuam
1484 2858 1613 2897 Stygem
1640 2856 1672 2888 in
1699 2855 1836 2888 Arcadia
1859 2858 2038 2897 posuerunt
2062 2857 2229 2898 historici,
2255 2858 2288 2890 in

1263 2903 1313 2935 his
1335 2903 1534 2942 Herodotus,
1555 2903 1611 2944 qui
1632 2903 1714 2934 libro
1735 2905 1828 2934 sexto
1849 2903 1890 2935 de
1910 2903 2082 2936 Cleomene
2103 2913 2199 2946 agens
2220 2905 2290 2937 haec

1263 2950 1376 2983 scribit
1390 2960 1397 2981 :
1418 2950 1500 2982 Hinc
1513 2950 1547 2982 in
1563 2950 1732 2982 Arcadiam
1747 2949 1890 2989 delatus,
1906 2951 2000 2983 novis
2014 2951 2110 2983 rebus
2125 2951 2291 2993 studebat,

1264 2997 1444 3030 Arcadibus
1465 2999 1578 3030 contra
1603 2996 1864 3029 Lacedaemonios
1889 2998 2081 3039 concitatis,
2103 3008 2204 3040 quum
2226 2999 2288 3032 alia

1264 3045 1305 3076 ab
1321 3045 1360 3076 iis
1375 3044 1480 3085 exegit
1494 3045 1677 3084 juramenta
1693 3068 1702 3083 ,
1719 3045 1860 3084 quodvis
1878 3045 2034 3078 adhibens
2050 3046 2289 3087 jusJurandum,

1263 3095 1333 3123 tum
1353 3091 1513 3124 Nonacrin
1536 3091 1697 3124 Arcadum
1723 3091 1882 3133 principes
1902 3093 2058 3125 deductos
2078 3093 2287 3134 jurejurando

1265 3148 1320 3180 per
1351 3139 1493 3180 Stygiam
1504 3147 1620 3180 aquam
1633 3139 1827 3179 adstringere
1843 3140 1957 3172 voluit.
1976 3141 2193 3173 Callimachus
2207 3150 2288 3182 quo·
2310 3144 2320 3151 ’“

1264 3195 1326 3227 que
1348 3186 1429 3218 libro
1450 3186 1490 3218 de
1511 3186 1669 3227 Nymphis
1690 3186 1753 3226 (de
1764 3186 1980 3227 sontibusp)
2003 3197 2095 3228 aquae
2113 3188 2286 3229 proprieta-

1264 3236 1330 3265 tem
1350 3233 1400 3264 liis
1419 3233 1527 3265 verbis
1547 3233 1642 3264 refert
1662 3243 1670 3263 ε
1694 3234 1773 3274 Styx
1793 3234 1939 3265 Arcadiae
1959 3233 2076 3265 fluvius
2098 3237 2147 3266 est
2168 3235 2207 3267 ad
2228 3237 2285 3268 No·

1265 3280 1373 3312 nacrin
1386 3303 1395 3319 ,
1411 3279 1520 3311 omnia
1534 3286 1611 3312 vasa
1622 3303 1631 3318 ,
1653 3283 1770 3321 praeter
1786 3289 1902 3313 cornea
1914 3305 1922 3320 ‚
1945 3281 2153 3322 pertundens.

1307 3386 1383 3418 Mihi
1407 3385 1536 3427 quidem
1566 3386 1694 3417 videtur
1716 3334 1830 3418 lidrlum
1852 3387 2082 3418 vocabulorum
2096 3411 2105 3426 ‚
2129 3389 2231 3428 Orqia
2248 3387 2279 3418 et
