2320 3684
636 138 969 180 APOLLODORI
996 140 1358 183 BIBLIOTHECAE
1386 142 1439 193 ΙΙ,
1473 149 1505 182 1.

6 220 250 288 ἐμαρτύρησεν
284 227 374 272 εἶναι
387 262 398 281 ,
441 229 502 274 τὰς
545 226 736 281 θυγατέρας
780 224 1034 280 ὑδρευσομένας

6 292 155 346 ἔπεμψε.
171 294 202 319 ¹⁰
213 292 291 331 Μία
309 289 345 330 δὲ
363 291 476 329 αὐτῶν
497 284 686 339 Ἀμυμώνη
706 287 859 332 ζητοῦσα
872 284 965 338 ὕδωρ
978 284 1034 338 ῥί-

6 366 86 390 πτει
106 350 205 403 βέλος
225 350 282 390 ἐπὶ
298 348 439 403 ἔλαφον,
458 345 518 386 καὶ
531 342 754 396 κοιμωμένου
774 342 936 396 Σατύρου
952 357 1036 394 τυγ-

6 410 125 463 χάνει·
151 412 309 453 κάκεῖνος
335 403 570 461 περιαναστὰς
599 401 763 454 ἐπεθύμει
791 398 1035 453 συγγενέσθαι·

9 470 228 512 Ποσειδῶνος
246 466 282 506 δὲ
307 463 554 520 ἐπιφανέντος,
578 465 596 501 ὁ
622 461 781 515 Σάτυρος
810 459 872 512 μὲν
899 458 1037 513 ἔφυγεν,

8 526 199 579 Ἀμυμώνη
215 525 250 565 δὲ
265 525 378 578 τούτῳ
389 522 654 570 συνευνάζεται,
671 520 731 560 καὶ
749 523 837 573 αὐτῇ
858 519 1036 559 Ποσειδῶν

7 586 70 631 τὰς
85 588 121 625 ἐν
138 585 254 640 Λέρνῃ
274 583 388 636 πηγὰς
407 581 592 634 ἐμήνυσεν.

63 645 119 698 (5)
131 647 179 685 Οἱ
198 644 236 684 δὲ
251 642 432 695 Αἰγύπτου
452 641 573 684 παῖδες
582 638 739 683 ἐλθόντες
756 640 804 682 εἷς
820 637 958 693 Ἄργος,
977 640 1040 685 τ’ῆς

8 720 47 743 τε
65 702 198 758 ἔχθρας,
206 702 410 742 παύσασθαι
431 699 653 755 παρεκάλουν
665 729 675 748 ,
694 697 754 736 καὶ
770 697 832 742 τὰς
851 695 1041 750 θυγατέρας

10 764 116 802 αὐτοῦ
135 767 260 814 γαμεῖν
277 759 406 808 ἠξίουν.
439 757 576 802 Δαναὸς
601 756 656 805 δὲ,
687 756 764 808 ἅμα
791 754 854 808 μὲν
882 757 1040 794 ἀπιστῶν

10 822 125 860 αὐτῶν
144 826 216 865 τοῖς
243 818 529 872 ἐπαγγέλμασιν,
557 817 633 869 ἅμα
657 814 694 854 δὲ
723 815 783 854 καὶ
810 816 1040 867 μνησικακῶν

9 879 95 935 ’περὶι
109 882 232 934 φυγῆς,
250 876 424 930 ὡμολόγει
443 876 524 920 τοὺς
539 876 685 928 γάμους,
704 874 764 914 καὶ
784 873 967 928 διεκλήρου
981 871 1043 917 τὰς

5 937 124 993 κόρας.
142 939 160 965 ²
171 937 464 992 Ὑπερμνήστραν
481 935 544 988 μὲν
561 929 620 974 οὐν
631 933 696 982 τὴν
706 932 946 988 πρεσὸυτέραν
958 931 1044 977 ἐξεῖ-

9 1000 69 1038 λον
87 1000 240 1050 Λυγκεῖ,
264 997 324 1036 κοιὶ
350 993 573 1051 Γοργοφόνην
603 996 757 1048 Πρωτεῖ·
787 987 883 1032 οὗτοι
907 992 974 1046 γὰρ
1003 992 1043 1030 ἐκ

12 1057 188 1111 βασιλίδος
213 1055 375 1109 γυναικὸς
406 1054 594 1109 Ἀργυφίης
616 1051 833 1106 ἐγεγόνεισαν
858 1050 1042 1105 Αἰγύπτῳ.

10 1123 28 1150 3
43 1119 125 1157 Τῶν
140 1116 176 1155 δὲ
191 1117 324 1155 λοιπῶν
341 1114 468 1167 ἔλαχον
488 1113 651 1168 Βούσιρις
668 1111 731 1165 μὲν
748 1112 809 1151 καὶ
830 1110 1044 1163 Ἐγκέλαδος

6 1175 72 1215 καὶ
96 1175 212 1219 Λύκος
238 1174 297 1214 καὶ
322 1170 487 1228 Δαΐφρων
512 1171 576 1216 τὰς
603 1174 732 1225 Δαναῷ
757 1170 981 1223 γεννηθείσας
1008 1168 1043 1215 ἐξ

12 1234 187 1289 Εὐρώπης
207 1233 440 1285 Αὐτομάτην.
457 1231 684 1285 Ἀμυμώνην,
704 1230 873 1282 Ἀγαύην,
894 1228 1043 1276 Σκαιήν·

13 1289 117 1333 αῧται
137 1293 174 1332 δὲ
195 1295 234 1332 ἐκ
252 1292 428 1345 βασιλίδος
448 1291 606 1343 ἐγένοντο
632 1292 772 1343 Δαναῷ·
793 1291 810 1316 4
823 1291 862 1328 ἐκ
882 1288 918 1327 δὲ
937 1289 1045 1328 Ἐλε-

10 1352 187 1408 φαντίδος,
205 1349 406 1405 Γοργοφόνη
427 1350 486 1389 καὶ
507 1348 794 1404 Ὑπερμνήστρα.
813 1346 986 1400 [Λυγκεὺς
1009 1346 1045 1385 δὲ

11 1410 182 1458 Καλύκην
202 1410 356 1463 ἔλαχεν.]
383 1408 519 1463 Ἴστρος
547 1408 584 1447 δὲ
602 1407 868 1458 Ἱπποδάμειαν,
888 1405 1046 1446 Χαλκώ-

10 1470 81 1508 δων
95 1469 250 1516 Ῥοδίαν,
269 1468 426 1522 Ἀγήνωρ
441 1467 687 1521 Κλεοπάτραν,
704 1468 835 1509 Χαῖτος
851 1464 1046 1519 Ἀστερίαν,

11 1526 249 1582 Διοκορυστὴς
270 1527 537 1579 Ἱπποδάμειαν,
554 1526 672 1570 Ἄλκις
692 1524 873 1572 Γλαύκην,
894 1523 1048 1575 Ἀλκμή-

8 1603 84 1642 νωρ
110 1586 392 1639 Ἱππομέδουσαν
410 1617 420 1635 ,
458 1583 639 1628 Ἱππόθοος
666 1582 803 1637 Γόργην
823 1613 834 1632 ,
871 1582 1047 1637 Εὐχήνωρ

14 1645 273 1700 Ἰφιμέδουσαν,
298 1643 505 1688 Ἱππόλυτος
527 1643 669 1690 Ῥόδην.
693 1637 804 1682 Οῧτοι
827 1640 890 1693 μὲν
909 1643 942 1679 οἱ
962 1640 1063 1679 δέκα,

7 1704 51 1751 ἐξ
69 1703 233 1759 Ἀραόίας
248 1702 421 1756 γυναικὸς,
441 1705 477 1741 αἱ
498 1701 535 1741 δὲ
554 1700 720 1756 παρθένοι
739 1699 775 1746 ἐξ
796 1700 1045 1754 Ἁμαδρυάδων

10 1766 171 1819 νυμφῶν,
190 1765 226 1802 αἱ
245 1762 308 1815 μὲν
327 1761 559 1811 Ἀτλαντείης,
578 1764 614 1800 αἱ
632 1761 668 1799 δὲ
685 1762 725 1799 ἐκ
742 1759 892 1807 Φοίὸης.
910 1761 926 1784 ⁵
939 1759 1047 1811 Ἀγα-

10 1822 186 1877 πτόλεμος
206 1821 242 1861 δὲ
261 1821 367 1876 ἔλαχε
383 1820 582 1876 Πειρήνην,
607 1818 809 1874 Κερκέστης
835 1816 872 1856 83.
898 1816 1046 1872 Δώριον,

16 1881 228 1937 Εὐρυδάμας
241 1881 406 1936 Φάρτην,
428 1880 547 1932 Αἴγιος
563 1878 771 1933 Μνήστραν,
785 1877 923 1931 Ἄργιος
934 1877 1048 1916 Εὐίπ-

10 1957 98 1994 πην,
113 1939 300 1996 Ἀρχέλαος
310 1939 512 1987 Ἇνεξιὸίην,
525 1937 690 1991 Μέναχος
700 1936 823 1986 Νηλώ.
840 1938 887 1976 Οἱ
905 1935 941 1975 δὲ
958 1937 1048 1975 ἑπτὰ

15 2001 55 2040 ἐκ
73 2001 269 2048 Φοινίσσης
283 1998 467 2052 γυναικὸς,
487 2000 522 2037 αἱ
543 1997 579 2036 δὲ
595 1996 762 2052 παρθένοι
782 1996 817 2042 ἐξ
838 1996 1045 2040 Αἰθιοπίδος.

12 2057 236 2114 *Ἀκληρωτὶ
257 2058 294 2098 δὲ
307 2057 434 2111 ἔλαχον
453 2057 496 2096 δι’
511 2055 717 2109 ὁμωνυμίαν
738 2054 800 2100 τὰς
815 2054 999 2109 Μέμφιδος
1016 2058 1047 2094 οἱ

10 2119 56 2158 ἐκ
80 2118 212 2173 Τυρίας
229 2149 240 2168 ,
273 2117 418 2161 Κλειτὸς
449 2115 601 2163 Κλεὶτὴν
612 2146 624 2166 ,
660 2114 828 2158 Σθένελος
857 2113 1047 2163 Σθενέλην,

14 2176 220 2232 Χρύσιππος
251 2176 478 2231 Χρυσίππην.
497 2177 513 2203 7
531 2177 578 2214 Οἱ
608 2174 645 2213 δὲ
665 2176 705 2213 ἐκ
731 2174 933 2220 Καλιάνδης
966 2173 1048 2224 [καὶ

14 2234 146 2284 Νηΐδος
171 2236 345 2291 Νύμφης]
375 2235 496 2278 παῖδες
525 2233 661 2272 δώδεκα
691 2232 940 2287 ἐκληρώσαντο
967 2232 1048 2287 περὶ

14 2297 82 2335 τῶν
101 2297 141 2334 ἐκ
157 2294 336 2340 Πολυξοῦς
352 2290 493 2342 Νηΐδος·
518 2287 608 2340 ἦσαν
628 2290 664 2330 δὲ
681 2293 714 2330 οἱ
732 2291 795 2343 μὲν
812 2291 953 2341 παῖδες,
971 2293 1049 2331 Εὐ-

0 2353 174 2409 ,ρύλοχος,
196 2353 366 2405 Φάντης,
386 2350 621 2407 Περισθένης,
643 2350 804 2405 ‘'EQ-06,
824 2349 958 2404 Δρύας,
976 2353 1051 2390 Πο-

17 2413 153 2466 ταμὼν,
168 2411 329 2459 Κισσεὺς,
346 2410 457 2459 Λίξος,
477 2409 638 2465 Ἴμὸρος,
654 2408 817 2463 Βρόμιος,
836 2408 1049 2465 Πολύκτωρ,

17 2471 172 2516 Χθόνιος·
193 2474 230 2511 αἱ
248 2471 284 2510 83.
303 2469 405 2525 κόραι
424 2469 577 2524 Νύμφης
593 2467 769 2518 Αὐτονόη,
787 2467 927 2516 Θεανὼ,
945 2467 1052 2508 Ἠλέ-

13 2547 118 2587 κτρα,
135 2531 360 2585 Κλεοπάτρα,
381 2529 579 2584 Εὐρυδίκη,
598 2528 827 2577 Γλαυκίππη,
856 2527 1050 2578 Ἀνθήλεια,

20 2589 208 2645 Κλεοδώρη
222 2621 232 2637 ,
262 2589 430 2639 Εὐίππη,
461 2587 643 2642 Εὖρωτὼ,
668 2586 810 2640 Στύγνη
837 2586 896 2626 καὶ
917 2586 1050 2640 Βρύκη.

21 2651 95 2689 8οἱ
112 2648 148 2688 83.
164 2651 204 2688 ἐκ
222 2647 405 2704 Γοργόνων
421 2647 587 2701 Αἰγύπτῳ
606 2646 787 2699 γενόμενοι
805 2645 1052 2700 ἐκληρώσαντο

20 2706 99 2762 περὶ
126 2709 195 2746 τῶν
225 2709 266 2746 ἐκ
295 2705 459 2761 Πιερείας
473 2735 483 2752 ,
515 2705 576 2744 καὶ
605 2704 776 2757 λαγχάνει
800 2703 956 2758 Περίφας
987 2703 1050 2755 μὲν

23 2766 202 2818 Ἀκταίην,
229 2766 354 2811 Οἰνεὺς
381 2766 596 2821 Ποδάρκην,
624 2765 799 2818 Αἴγυπτος
827 2764 1052 2814 Διωξίππην,

19 2826 208 2875 ’Μενάλκης
226 2825 262 2865 δὲ
277 2825 436 2874 Ἀδύτην,
456 2826 607 2877 Λάμπος
626 2823 841 2871 Ὠκυπέτην,
858 2824 1051 2878 Πυλάργην

23 2881 164 2936 Ἴδμων.
182 2891 199 2917 ⁹
216 2884 336 2925 Ὀκτὼ
350 2879 461 2937 (οῦτοι
473 2884 504 2936 3³)
526 2883 562 2922 83.
580 2885 646 2922 εἶσι
663 2882 840 2922 νεώτατοι·
859 2882 955 2924 Ἴδας
972 2882 1053 2922 Ἱπ-

0 2942 181 2992 ›nentia-qv,
202 2942 367 2998 Δαΐφρων
387 2942 581 2991 Ἀδιάντην·
602 2937 705 2981 αῧται
724 2941 760 2980 δὲ
778 2943 817 2980 ἐκ
835 2941 964 2996 μητρὸς
978 2941 1054 2994 ἐγέ-

25 3014 122 3041 νοντο
135 3001 284 3057 σἘρσης·
301 3001 467 3042 Πανδίων
486 3001 722 3050 Καλλιδίκην,
740 3000 911 3055 Ἄρὸηλος
919 3000 1053 3052 Οἴμην,

26 3058 211 3116 Ὗπέρὸιος
225 3060 399 3110 Κελαινὼ,
411 3059 688 3114 Ἱπποκορυστὴς
698 3060 928 3114 Ὑπερίπτην.
944 3054 1054 3099 Οῧτοι

27 3117 307 3174 ἐξἯφαιστίνης·
321 3122 356 3158 αἲ
369 3119 406 3159 δὲ
417 3121 457 3158 ἐκ
468 3122 628 3173 Κρινοῦς.
640 3121 672 3146 ¹⁰
691 3118 752 3163 Ὡς
763 3118 799 3157 δὲ
807 3117 1055 3171 ἐκληρώσαντο

27 3175 107 3220 τοὺς
124 3178 279 3230 γάμους,
298 3178 462 3223 ἑστιάσας
481 3177 674 3233 ἐγχειρίδια
699 3177 878 3216 διαδίδωσι
902 3182 978 3220 ταῖς
997 3179 1056 3214 θυ-

27 3237 206 3291 γατράσιν.
227 3241 274 3278 Αἱ
295 3237 332 3276 83.
350 3237 591 3290 κοιμωμένους
608 3236 688 3281 τοὺς
705 3237 874 3291 νυμφίους
894 3234 1057 3274 ἀπέκτει-

30 3309 90 3334 ναν
109 3295 200 3344 πλην
224 3297 526 3351 ξΥπερμνήστρας.
555 3296 650 3344 Αὕτη
669 3295 705 3334 δὲ
732 3294 874 3347 Λυγκέα
895 3293 1054 3341 διέσωσε,

31 3354 198 3408 παρθένον
218 3354 325 3402 αὐτὴν
340 3354 550 3409 φυλάξαντα.
576 3354 640 3394 Διὸ
659 3353 839 3407 καθείρξας
856 3351 963 3398 αὐτὴν
979 3354 1055 3390 Δα-

2051 152 2122 186 127

1093 239 1312 274 exsiccaverat
1337 266 1347 283 ,
1383 243 1465 275 filias
1500 251 1577 276 suas
1611 246 1766 286 aquatum
1797 245 1896 278 misit.
1937 250 1965 270 ¹⁰
2002 249 2128 282 Harum

1094 306 1160 330 una
1173 301 1355 340 Amymone
1371 310 1488 343 aquam
1513 311 1662 343 quaerens
1692 303 1792 336 telum
1814 304 1849 337 in
1875 313 2008 338 cervum
2031 307 2127 348 jacit,

1095 365 1133 388 ac
1153 357 1238 391 forte
1250 360 1401 400 Satyrum
1417 361 1630 395 dormientem
1646 363 1728 396 ferit.
1746 366 1819 402 Qua
1834 373 1869 398 re
1886 365 2128 407 expergefactus

1097 413 1151 446 ille
1165 415 1282 456 puellae
1295 417 1447 451 ineundae
1463 420 1589 461 capitur
1612 420 1783 454 desiderio.
1809 425 1851 455 At
1879 424 2129 465 superveniente

1096 474 1265 515 Neptuno,
1282 477 1418 517 Satyrus
1439 478 1538 520 fugit,
1559 483 1742 521 Amymone
1756 484 1864 514 autem
1880 490 1956 515 cum
1978 485 2130 525 Neptuno

1098 535 1287 578 concubuit,
1309 538 1367 579 qui
1381 540 1533 574 Lernaeos
1546 541 1576 574 ei
1592 542 1700 576 sontes
1713 543 1879 577 indicavit.

1144 650 1189 692 (5)
1206 653 1337 694 AEgypti
1361 653 1420 686 filii
1440 657 1541 697 Argos
1560 658 1708 699 profecti,
1730 662 1767 692 ut
1789 660 1987 694 simultatem
2002 670 2131 704 compo·

1100 717 1213 746 nerent
1228 715 1346 747 hortati
1364 719 1441 748 sunt
1456 718 1554 759 atque
1567 721 1604 751 ut
1619 721 1720 753 Danai
1737 721 1811 755 filiae
1827 722 1861 754 in
1883 723 2128 756 matrimonium

1103 776 1167 809 sibi
1199 777 1355 810 darentur
1379 778 1604 813 sollicitarunt.
1621 784 1777 816 2Danaus
1802 786 1953 825 quamvis
1976 786 2132 830 diffidens

1101 848 1215 872 eorum
1239 840 1546 882 pollicitationibus,
1565 843 1637 876 tum
1651 844 1748 877 etiam
1764 846 1851 878 exilii
1869 847 2018 888 injuriam
2043 849 2133 882 haud

1102 903 1241 943 oblitus,
1256 904 1400 945 ,nuptias
1426 906 1542 946 pactus
1561 908 1611 938 est
1637 908 1670 939 et
1695 910 1782 941 sorte
1802 909 1925 950 puellas
1955 910 2132 943 distribuit-

1103 969 1226 1000 Verum
1250 968 1539 1008 Hypermnestram
1564 969 1643 1000 natu
1660 969 1835 1002 maximam
1862 974 1947 1005 sorte
1971 975 2134 1006 exemtam

1103 1031 1231 1070 Lynceo
1258 1030 1292 1062 et
1307 1029 1546 1071 Gorgophonen
1574 1031 1690 1063 Proteo
1712 1031 1915 1072 selegerunt:
1940 1034 1975 1066 lii
2005 1035 2091 1067 enim
2116 1044 2134 1068 e

1103 1092 1213 1133 regina
1227 1093 1362 1133 conjuge
1377 1092 1541 1134 Argyphia
1556 1091 1623 1125 nati
1637 1095 1729 1125 erant
1743 1096 1891 1135 AEgypto.
1907 1102 1920 1120 ³
1934 1098 1984 1128 Ex
2002 1097 2134 1139 reliquis

1104 1155 1247 1196 Busiris,
1270 1157 1470 1197 Enceladus,
1488 1158 1614 1198 Lycus,
1639 1157 1806 1199 Daiphron
1822 1159 1928 1191 sortiti
1949 1162 2024 1191 sunt
2038 1163 2135 1193 Auto-

1104 1219 1213 1250 maten
1225 1241 1235 1258 ,
1251 1220 1453 1259 Amymonen
1465 1242 1474 1258 ‚
1496 1221 1645 1259 Agaven,
1671 1221 1815 1260 Scaeam,
1842 1230 1924 1262 quas
1949 1231 1989 1254 ex
2006 1225 2136 1265 Europa

1105 1280 1212 1321 regina
1227 1282 1358 1314 Danaus
1369 1283 1565 1323 susceperat.
1583 1286 1596 1306 ⁴
1607 1284 1657 1314 Ex
1668 1283 1883 1325 Elephantide
1904 1286 1985 1317 ortae
2007 1285 2138 1318 fuerunt

1105 1343 1322 1385 Gorgophone
1344 1346 1377 1376 et
1398 1346 1662 1386 Hypermnestra.
1685 1345 1846 1387 [Lynceus
1865 1347 2005 1388 Calycen
2024 1349 2138 1381 nactus

1107 1405 1184 1446 est,]
1202 1407 1284 1438 Ister
1300 1406 1549 1448 Hippodamiam
1562 1408 1620 1449 (Ρ),
1646 1407 1834 1441 Chalcodon
1858 1409 2035 1451 Rhodiam,
2060 1413 2138 1452 Age-

1107 1476 1168 1500 nor
1190 1467 1408 1510 Cleopatram‚
1434 1470 1568 1503 Chaetus
1593 1470 1766 1512 Asteriam,
1787 1471 1997 1513 Diocorystes
2019 1473 2138 1514 Hippo-

1107 1530 1268 1572 damiam,
1311 1531 1398 1564 Alcis
1431 1533 1596 1573 Glaucen,
1632 1533 1805 1566 Alcmenor
1842 1534 2138 1576 Hippomedusam‚

1109 1594 1317 1635 Hippothous
1333 1595 1473 1635 Gorgen,
1488 1595 1662 1627 Euchenor
1674 1595 1930 1637 Iphimedusam,
1943 1597 2139 1639 Hippolytus

1107 1656 1260 1696 Rhoden;
1289 1656 1324 1688 hi
1348 1656 1459 1689 decem
1486 1666 1527 1689 ex
1552 1657 1671 1689 Arabia
1701 1667 1802 1690 uxore
1831 1658 1929 1700 geniti
1956 1660 2051 1699 sunt,
2082 1659 2139 1691 sed

1107 1718 1223 1759 puellae
1244 1728 1285 1751 ex
1313 1718 1596 1760 Hamadryadibus
1620 1720 1794 1761 nymphis,
1819 1720 1891 1753 aliae
1917 1729 1957 1753 ex
1979 1720 2139 1762 Atlantem,

1107 1780 1206 1813 aliaee
1221 1780 1354 1813 Phoebe.
1381 1785 1396 1804 ὅ
1411 1781 1640 1823 Agaptolemus
1663 1781 1798 1815 sortitus
1816 1785 1866 1815 est
1887 1782 2041 1823 Pirenen,
2063 1784 2139 1816 Cer-

1107 1845 1211 1876 cestes
1234 1843 1388 1884 Dorium,
1405 1844 1609 1885 Eurydamas
1626 1845 1785 1885 Pharten‚
1802 1844 1913 1886 AEgius
1939 1847 2116 1877 Mnestram
2130 1869 2139 1885 ,

1108 1907 1225 1948 Argius
1244 1907 1401 1949 Evippen,
1420 1907 1597 1940 Archelaus
1619 1908 1834 1947 Anaxibiam,
1850 1908 2027 1941 Menachus
2048 1908 2138 1942 Nelo.

1107 1970 1149 2003 Hi
1169 1971 1294 2012 septem
1316 1979 1335 2003 e
1357 1971 1528 2004 Phoenissa
1546 1970 1681 2012 conjuge
1693 1995 1702 2011 ,
1725 1971 1842 2012 puellae
1860 1980 1938 2004 vero
1959 1980 2000 2004 ex
2021 1972 2141 2004 AEthio-

1107 2032 1193 2073 pide.
1211 2032 1336 2073 ⁶Tyria
1347 2033 1416 2065 nati
1434 2033 1503 2065 sine
1530 2035 1616 2066 sorte
1644 2033 1809 2066 duxerunt
1837 2032 2031 2075 Memphidis
2058 2033 2141 2065 filias

1107 2096 1238 2136 propter
1255 2094 1502 2127 similitudinem
1518 2095 1703 2135 nominum,
1721 2095 1825 2129 Clitus
1839 2095 1957 2134 Cliten,
1972 2095 2141 2127 Sthenelus

1109 2157 1289 2194 Sthenelen,
1301 2156 1506 2198 Chrysippus
1522 2157 1737 2198 Chrysippen.
1755 2161 1768 2181 ⁷
1782 2156 1845 2195 Qui
1858 2166 1897 2189 ex
1914 2156 2068 2190 Caliande
2082 2156 2140 2188 filii

1109 2219 1279 2252 duodecim
1298 2219 1361 2252 orti
1379 2221 1482 2259 erant,
1503 2219 1646 2260 Polyxus
1661 2219 1773 2255 Naidis
1791 2219 1945 2261 nymphae
1957 2218 2039 2251 filias
2055 2220 2142 2251 sorte

1109 2283 1313 2323 acceperunt.
1331 2281 1464 2313 Illorum
1475 2280 1609 2312 nomina
1622 2281 1700 2313 sunt
1716 2290 1724 2312 :
1742 2280 1964 2321 Eurylochus,
1980 2281 2119 2312 Phantes
2131 2302 2140 2317 ‚

1109 2346 1325 2385 Peristhenes,
1340 2347 1491 2384 Hermus,
1511 2346 1634 2385 Dryas,
1649 2345 1826 2384 Potamon,
1852 2344 1999 2383 Cisseus,
2022 2345 2140 2385 Lixus,

1109 2409 1257 2448 Ιηὼνιιε,
1294 2407 1444 2440 Bromius
1455 2431 1465 2447 ,
1495 2407 1663 2448 Polyctor‚
1687 2406 1880 2440 Chthonius.
1916 2408 1967 2439 Ex
2000 2406 2141 2447 nympha

1109 2474 1194 2503 natae
1209 2480 1217 2502 :
1234 2472 1399 2509 Autonoe,
1413 2470 1565 2508 Theano,
1584 2468 1728 2508 Electra,
1757 2468 1945 2510 Cleopatra,
1962 2466 2139 2507 Eurydice,

1111 2532 1300 2574 Glaucippe‚
1317 2531 1485 2571 Anthelea‚
1501 2531 1669 2570 Cleodora‚
1686 2530 1831 2572 Evippe,
1850 2532 1973 2562 Euroto
1984 2552 1993 2568 ‚
2011 2531 2140 2568 Stygne‚

1111 2595 1224 2635 Bryce.
1245 2593 1337 2632 ⁸Qui
1358 2602 1436 2625 vero
1468 2601 1507 2625 ex
1540 2591 1745 2633 Gorgonibus
1762 2594 1901 2632 AEgypto
1932 2589 1999 2621 nati
2028 2589 2138 2627 erant,

1111 2655 1275 2688 duxerunt
1292 2664 1310 2687 e
1328 2655 1433 2687 Pieria
1449 2656 1635 2695 susceptas,
1659 2655 1691 2685 et
1710 2652 1893 2693 Periphanti
1914 2650 2042 2691 quidem
2059 2649 2140 2681 obti-

1112 2721 1157 2762 git
1176 2723 1296 2760 Actaea‚
1316 2722 1426 2753 OEneo
1448 2719 1611 2759 Podarce,
1632 2719 1771 2758 AEgypto
1787 2716 1964 2756 Dioxippe,
1987 2714 2140 2747 Menalcae

1112 2785 1229 2826 Adyte,
1245 2787 1369 2826 Lampo
1385 2785 1544 2824 Ocypete,
1561 2782 1693 2823 Pylarge
1704 2779 1839 2812 Idmoni.
1858 2780 1872 2799 ⁹
1882 2777 1922 2810 Hi
1938 2778 2046 2810 autem
2063 2779 2142 2811 sunt

1112 2850 1283 2883 novissimi
1303 2859 1311 2881 :
1328 2849 1403 2882 Idas
1420 2847 1554 2880 sortitus
1570 2844 1784 2887 Hippodicen‚
1800 2843 1964 2884 Daiphron
1981 2842 2141 2874 Adianten

1115 2914 1178 2953 (hae
1195 2922 1236 2945 ex
1250 2915 1352 2945 Herse
1378 2912 1482 2943 matre
1496 2909 1608 2948 natae),
1631 2906 1777 2939 Pandion
1795 2903 1967 2938 Callidicen
1978 2929 1987 2944 ,
2004 2904 2140 2936 Arbelus

1114 2980 1247 3018 OEmen,
1278 2975 1460 3017 Hyperbius
1489 2973 1629 3011 Celaeno,
1649 2971 1900 3011 Hippocorystes
1929 2969 2137 3010 Hyperipten.

1114 3039 1155 3070 Hi
1181 3047 1220 3070 ex
1251 3035 1474 3078 Hephae-stine,
1502 3032 1617 3074 puellae
1633 3040 1671 3063 ex
1689 3030 1841 3063 Crinone.
1861 3030 1890 3050 ¹⁰
1904 3031 2017 3070 Itaque
2038 3037 2140 3070 quum

1115 3112 1190 3135 suas
1213 3102 1350 3143 quisque
1366 3098 1497 3140 nuptias
1519 3096 1654 3129 sortitus
1667 3099 1762 3135 esset,
1783 3095 1815 3127 in
1838 3093 1991 3126 convivio
2004 3093 2142 3135 nuptiali

1115 3168 1271 3210 pugiones
1288 3168 1420 3197 Danaus
1441 3162 1571 3194 filiabus
1586 3159 1771 3200 distribuit,
1793 3159 1912 3201 quibus
1925 3158 1988 3190 illae
2003 3166 2141 3199 sponsos

1116 3242 1230 3266 somno
1245 3239 1416 3273 oppressos
1435 3228 1667 3262 interfecerunt
1690 3235 1757 3259 una
1785 3227 1920 3267 excepta
1944 3226 2141 3266 Hypermne-

1116 3299 1193 3329 stra.
1222 3298 1300 3328 Haec
1328 3294 1414 3326 enim
1446 3295 1628 3334 Lynceum,
1654 3291 1742 3332 quod
1761 3290 1944 3332 virginitate
1964 3297 2024 3321 sua
2045 3287 2141 3320 absti-

1081 3392 1087 3401 ,
1116 3361 1252 3400 unisset,
1268 3358 1465 3391 incolumem
1488 3355 1640 3389 servavit.
1656 3358 1761 3394 Quam
1777 3354 1819 3387 ob
1835 3363 1903 3387 rem
1918 3362 1989 3386 eam
2009 3354 2141 3386 Danaus
